
@online{_shaping_????,
	title = {Shaping Functions},
	url = {http://patriciogonzalezvivo.com/2015/thebookofshaders/05/},
	urldate = {2015-04-12},
}
@inproceedings{nonato2001novel,
    title={A Novel Approach for Delaunay 3D Reconstruction with a Comparative Analysis in the Light of Applications},
    author={Nonato, L and Minghim, Rosane and Oliveira, MCF and Tavares, Geovan},
    booktitle={Computer Graphics Forum},
    volume={20},
    number={2},
    pages={161--174},
    year={2001},
    organization={Wiley Online Library}
}

@article{allen_towards_1984,
	title={Towards a general theory of action and time},
	author={Allen, James F},
	journal={Artificial intelligence},
	volume={23},
	number={2},
	pages={123--154},
	year={1984},
	date={1984}, 
	publisher={Elsevier}
}


@misc{johnson2014nlopt,
    title={The NLopt Nonlinear-Optimization Package},
    author={Johnson, Steven G},
    year={2014}
}

@inproceedings{lin1998collision,
    title={Collision detection between geometric models: A survey},
    author={Lin, Ming and Gottschalk, Stefan},
    booktitle={Proceedings of IMA conference on mathematics of surfaces},
    volume={1},
    pages={602--608},
    year={1998}
}

@inproceedings{boeing2007evaluation,
    title={Evaluation of Real-Time Physics Simulation Systems},
    author={Boeing, Adrian and Br{\"a}unl, Thomas},
    booktitle={Proceedings of the 5th international conference on Computer graphics and interactive techniques in Australia and Southeast Asia},
    pages={281--288},
    year={2007},
    organization={ACM}
}

@inproceedings{gerevini_qualitative_2002,
    title = {Qualitative Spatio-Temporal Reasoning with {RCC}-8 and Allen's Interval Calculus: Computational Complexity},
    volume = {2},
    url = {http://frontiersinai.com/ecai/ecai2002/pdf/p0312.pdf},
    shorttitle = {Qualitative spatio-temporal reasoning with {RCC}-8 and Allen's interval calculus},
    pages = {312--316},
    booktitle = {{ECAI}},
    author = {Gerevini, Alfonso and Nebel, Bernhard},
    urldate = {2015-04-12},
    date = {2002}
}

@book{schroeder2004visualization,
    title={The Visualization Toolkit},
    author={Schroeder, Will J and Lorensen, Bill and Martin, Ken},
    year={2004},
    publisher={Kitware}
}
@incollection{elber2008hausdorff,
    title={Hausdorff and Minimal Distances between Parametric Freeforms in$\backslash$ mathbb R\^{} 2 and$\backslash$ mathbb R\^{} 3},
    author={Elber, Gershon and Grandine, Tom},
    booktitle={Advances in Geometric Modeling and Processing},
    pages={191--204},
    year={2008},
    publisher={Springer}
}


@article{bauer2002introduction,
    title={Introduction to the GiNaC Framework for Symbolic Computation within the C++ Programming Language},
    author={Bauer, Christian and Frink, Alexander and Kreckel, Richard},
    journal={Journal of Symbolic Computation},
    volume={33},
    number={1},
    pages={1--12},
    year={2002},
    publisher={Elsevier}
}


@inproceedings{kaltenbranner_reactable:_2006,
    title = {The Reactable: A Collaborative Musical Instrument},
    pages = {406--411},
    booktitle = {Enabling Technologies: Infrastructure for Collaborative Enterprises, 2006. {WETICE}'06. 15th {IEEE} International Workshops on},
    publisher = {{IEEE}},
    author = {Kaltenbranner, M and Jorda, Sergi and Geiger, Gunter and Alonso, Marcos},
    date = {2006}
}

@inproceedings{jankowski_declarative_2013,
    location = {New York, {NY}, {USA}},
    title = {Declarative Integration of Interactive 3D Graphics into the World-wide Web: Principles, Current Approaches, and Research Agenda},
    isbn = {978-1-4503-2133-4},
    url = {http://doi.acm.org/10.1145/2466533.2466547},
    doi = {10.1145/2466533.2466547},
    series = {Web3D '13},
    pages = {39--45},
    booktitle = {Proceedings of the 18th International Conference on 3D Web Technology},
    publisher = {{ACM}},
    author = {Jankowski, Jacek and Ressler, Sandy and Sons, Kristian and Jung, Yvonne and Behr, Johannes and Slusallek, Philipp},
    date = {2013},
    keywords = {declarative 3D, {DOM} integration, {HTML}5, polyfill}
}


@inproceedings{sheridan_soundstudio_2004,
    title = {Soundstudio 4D: A {VR} Interface for Gestural Composition of Spatial Soundscapes.},
    booktitle = {{ICAD}},
    author = {Sheridan, James and Sood, Gaurav and Jacob, Thomas and Gardner, Henry and Barrass, Stephen},
    date = {2004}
}


@article{rasmuson_flying_2013,
    title = {Flying Colors: Toward More Natural and Intuitive 3D Modeling},
    url = {http://www.diva-portal.org/smash/record.jsf?pid=diva2:837642},
    shorttitle = {Flying Colors},
    author = {Rasmuson, Joakim},
    urldate = {2015-11-04},
    date = {2013}
}

@article{spranger_emergent_2012,
	title = {Emergent Functional Grammar for Space},
	volume = {3},
	url = {https://www.csl.sony.fr/downloads/papers/2012/spranger-12c.pdf},
	journaltitle = {Experiments in Cultural Language Evolution. Amsterdam: John Benjamins. http://dx. doi. org/10.1075/ais},
	author = {Spranger, Michael and Steels, Luc},
	urldate = {2015-11-03},
	date = {2012}
}

@article{lee_visualization_2013,
    title = {Visualization and Authoring System for Robot Based Performing Art},
    url = {http://onlinepresent.org/proceedings/vol42_2013/10.pdf},
    author = {Lee, Dongwook and Kim, Jinsul and Hahn, Minsoo},
    urldate = {2015-11-04},
    date = {2013}
}
@inproceedings{seo_autonomous_2013,
    title = {Autonomous Humanoid Robot Dance Generation System based on Real-Time Music Input},
    pages = {204--209},
    booktitle = {{RO}-{MAN}, 2013 {IEEE}},
    publisher = {{IEEE}},
    author = {Seo, Ju-Hwan and Yang, Jeong-Yean and Kim, {JaeWoo} and Kwon, Dong-Soo},
    date = {2013}
}


@inproceedings{jung_storyboarding_2010,
    title = {Storyboarding and Pre-visualization with x3d},
    url = {http://dl.acm.org/citation.cfm?id=1836060},
    pages = {73--82},
    booktitle = {Proceedings of the 15th International Conference on Web 3D Technology},
    publisher = {{ACM}},
    author = {Jung, Yvonne and Wagner, Sebastian and Jung, Christoph and Behr, Johannes and Fellner, Dieter},
    urldate = {2015-11-04},
    date = {2010}
}



@article{jacquemin_iannix_2012,
	title = {Iannix 0.8},
	url = {http://jim.afim-asso.org/jim12/pdf/jim2012_18_p_jacquemin.pdf},
	pages = {107--15},
	journaltitle = {Actes des Journées d'Informatique Musicale ({JIM} 2012). Mons (Belgium)},
	author = {Jacquemin, Guillaume and Coduys, Thierry and Ranc, Matthieu},
	urldate = {2015-11-04},
	date = {2012}
}

@inproceedings{peters_stratified_2009,
	title = {A stratified approach for sound spatialization},
	url = {http://spatdif.org/papers/Spatialization-SMC09.pdf},
	pages = {219--224},
	booktitle = {Proceedings of 6th Sound and Music Computing Conference},
	author = {Peters, Nils and Lossius, Trond and Schacher, Jan and Baltazar, Pascal and Bascou, Charles and Place, Timothy},
	urldate = {2015-11-04},
	date = {2009}
}

@article{funkhouser_survey_2003,
	title = {Survey of Methods for Modeling Sound Propagation in Interactive Virtual Environment Systems},
	author = {Funkhouser, Thomas and Tsingos, Nicolas and Jot, Jean-Marc},
	date = {2003}
}

@book{merlier_vocabulaire_2006_book,
    title = {Vocabulaire de l'Espace en Musiques Électroacoustiques},
    author = {Merlier, Bertrand},
    date = {2006}
}

@article{kuuskankare_expressive_2006,
    title={Expressive notation package},
    author={Kuuskankare, Mika and Laurson, Mikael},
    journal={Computer Music Journal},
    volume={30},
    number={4},
    pages={67--79},
    year={2006},
    date={2006},
    publisher={MIT Press}
}


@inproceedings{aguilera2004general,
	title={General N-dimensional Rotations},
	author={Aguilera, Antonio and P{\'e}rez-Aguila, Ricardo},
	year={2004},
	publisher={UNION Agency - Science Press, Plzen, Czech Republic},
	booktitle = {12th International Conference in Central Europe on Computer Graphics, Visualization and Computer Vision},
	date = {2004}
}

@article{casas_4d_2013,
	title = {4D Parametric Motion Graphs for Interactive Animation},
	volume = {19},
	url = {http://ieeexplore.ieee.org/xpls/abs_all.jsp?arnumber=6365634},
	pages = {762--773},
	number = {5},
	journaltitle = {Visualization and Computer Graphics, {IEEE} Transactions on},
	author = {Casas, Dan and Tejera, Margara and Guillemaut, J. and Hilton, Adrian},
	urldate = {2015-07-22},
	date = {2013}, 
	year = {2013}
}
@inproceedings{merlier_vocabulaire_2006,
    title = {Vocabulaire de l'Espace et de la Spatialisation des Musiques Électroacoustiques : Présentation, Problématique et Taxinomie de l'Espace},
    url = {https://halshs.archives-ouvertes.fr/halshs-00521322/},
    shorttitle = {Vocabulaire de l'Espace et de la Spatialisation des Musiques Électroacoustiques},
    pages = {247},
    booktitle = {{EMS}: Electroacoustic Music Studies Network, Beijing 2006},
    author = {Merlier, Bertrand},
    urldate = {2015-11-03},
    date = {2006}
}
@inproceedings{ellberger_spatialization_2014,
    title={A Paradigm for Scoring Spatialization Notation},
    author={Ellberger, Emile and Perez, Germ{\'a}n Toro and Schuett, Johannes and Zoia, Giorgio and Cavaliero, Linda},
    booktitle={TENOR: First International Conference on Technologies for Music Notation and Representation, Paris, France},    
    date = {2014},
    year={2015}
}

@article{ellberger_spatialization_2014,
    title = {Spatialization Symbolic Music Notation at {ICST}},
    author = {Ellberger, Emile and Perez, Germán Toro and Schuett, Johannes and Zoia, Giorgio and Cavaliero, Linda},
    date = {2014},
    year = {2014}
}

@article{colafrancesco_bibliotheque_2013,
	title = {La Bibliothèque Hoa, Bilan et Perspectives},
	url = {http://www.mshparisnord.fr/hoalibrary/wp-content/uploads/2013/05/La_bibliotheque_hoa_bilan_perspectives_jim2013.pdf},
	pages = {189--197},
	journaltitle = {Proceedings of the 19es Journées d'Informatique Musicale},
	author = {Colafrancesco, Julien and Guillot, Pierre and Paris, Eliott and Sèdes, Anne and Bonardi, Alain},
	urldate = {2015-07-22},
	date = {2013},
}

@inproceedings{cohen_interface_1999,
	title = {An Interface for Sketching 3D Curves},
	pages = {17--21},
	booktitle = {Proceedings of the 1999 symposium on Interactive 3D graphics},
	publisher = {{ACM}},
	author = {Cohen, Jonathan M and Markosian, Lee and Zeleznik, Robert C and Hughes, John F and Barzel, Ronen},
	date = {1999},
}

@article{de2011jamoma,
	title={Jamoma Modular: une Librairie C++ Dédiee au Développement d'Applications Modulaires pour la Création},
	author={De La Hogue, Théo and Rabin, Julien and Garnier, Laurent},
	journal={Proceedings of the 17es Journ{\'e}es d'Informatique Musicale, Saint-Etienne, France},
	year={2011}
}


@article{li_aesthetic_2009,
	title = {Aesthetic Visual Quality Assessment of Paintings},
	volume = {3},
	pages = {236--252},
	number = {2},
	journaltitle = {Selected Topics in Signal Processing, {IEEE} Journal of},
	author = {Li, Congcong and Chen, Tsuhan},
	date = {2009},
}
@book{tan2012symbolicc++,
	title={SymbolicC++: An Introduction to Computer Algebra using Object-Oriented Programming},
	author={Tan, Kiat Shi and Steeb, Willi-Hans and Hardy, Yorick},
	year={2012},
	publisher={Springer Science \& Business Media}
}

@book{eaton1997gnu,
title={Gnu Octave},
author={Eaton, John Wesley and Bateman, David and Hauberg, S{\o}ren},
year={1997},
publisher={Network theory}
}



@inproceedings{markovic_plenacoustic_2012,
	title = {Plenacoustic Imaging in the Ray Space},
	url = {http://ieeexplore.ieee.org/xpls/abs_all.jsp?arnumber=6309429},
	pages = {1--4},
	booktitle = {Acoustic Signal Enhancement; Proceedings of {IWAENC} 2012; International Workshop on},
	publisher = {{VDE}},
	author = {Markovic, Dejan and Sandrini, G. and Antonacci, Fabio and Sarti, Augusto and Tubaro, Stefano},
	urldate = {2015-07-22},
	date = {2012},
}

@article{wolter_analyzing_2012,
	title = {Analyzing Qualitative Spatio-Temporal Calculi Using Algebraic Geometry},
	volume = {12},
	url = {http://www.tandfonline.com/doi/abs/10.1080/13875868.2011.586079},
	pages = {23--52},
	number = {1},
	journaltitle = {Spatial Cognition \& Computation},
	author = {Wolter, Diedrich},
	urldate = {2015-11-02},
	date = {2012},
}

@inproceedings{ribeiro_auditory_2012,
	title = {Auditory Augmented Reality: Object Sonification for the Visually Impaired},
	url = {http://ieeexplore.ieee.org/xpls/abs_all.jsp?arnumber=6343462},
	shorttitle = {Auditory augmented reality},
	pages = {319--324},
	booktitle = {Multimedia Signal Processing ({MMSP}), 2012 {IEEE} 14th International Workshop on},
	publisher = {{IEEE}},
	author = {Ribeiro, Flávio and Florêncio, Dinei and Chou, Philip A. and Zhang, Zhengyou},
	urldate = {2015-04-12},
	date = {2012},
}

@inproceedings{lee_stageviz:_2013,
	title = {{StageViz}: Visualization and Storyboarding Tool for Performing Art},
	url = {http://ieeexplore.ieee.org/xpls/abs_all.jsp?arnumber=6579494},
	shorttitle = {{StageViz}},
	pages = {1--3},
	booktitle = {Information Science and Applications ({ICISA}), 2013 International Conference on},
	publisher = {{IEEE}},
	author = {Lee, Dongwook and Hahn, Minsoo},
	urldate = {2015-04-12},
	date = {2013},
}

@inproceedings{lumsden_paradigm_2013,
	title = {A Paradigm Shift for Mobile Interaction: a Decade Later},
	pages = {2--9},
	booktitle = {Proceedings of the 2013 Conference of the Center for Advanced Studies on Collaborative Research},
	publisher = {{IBM} Corp.},
	author = {Lumsden, Joanna and Brewster, Stephen},
	date = {2013}
}

@collection{dodsworth_digital_1998,
	location = {New York : Reading, Mass},
	title = {Digital illusion: Entertaining the Future with High Technology},
	isbn = {0201847809},
	series = {{SIGGRAPH} series},
	shorttitle = {Digital illusion},
	pagetotal = {545},
	publisher = {{ACM} Press ; Addison-Wesley},
	editor = {Dodsworth, Clark},
	date = {1998},
	keywords = {Computer games, Interactive multimedia, Programming},
}

@inproceedings{strachan_gpstunes:_2005,
	title = {{GpsTunes}: Controlling Navigation via Audio Feedback},
	url = {http://dl.acm.org/citation.cfm?id=1085831},
	shorttitle = {{GpsTunes}},
	pages = {275--278},
	booktitle = {Proceedings of the 7th international conference on Human computer interaction with mobile devices \& services},
	publisher = {{ACM}},
	author = {Strachan, Steven and Eslambolchilar, Parisa and Murray-Smith, Roderick and Hughes, Stephen and O'Modhrain, Sile},
	urldate = {2015-04-12},
	date = {2005},
}

@article{meixner_towards_2014,
	title = {Towards an Easy to Use Authoring Tool for Interactive Non-Linear Video},
	volume = {70},
	issn = {1380-7501, 1573-7721},
	url = {http://link.springer.com/10.1007/s11042-012-1218-6},
	doi = {10.1007/s11042-012-1218-6},
	pages = {1251--1276},
	number = {2},
	journaltitle = {Multimedia Tools and Applications},
	author = {Meixner, Britta and Matusik, Katarzyna and Grill, Christoph and Kosch, Harald},
	urldate = {2015-04-12},
	date = {2014-05},
	langid = {english},
}

@article{friess_tetrahedral_2013,
	title = {Tetrahedral Mesh Generation Based on Space Indicator Functions},
	volume = {93},
	issn = {00295981},
	url = {http://doi.wiley.com/10.1002/nme.4419},
	doi = {10.1002/nme.4419},
	shorttitle = {Tetrahedral mesh generation based on space indicator functions},
	pages = {1040--1056},
	number = {10},
	journaltitle = {International Journal for Numerical Methods in Engineering},
	author = {Friess, Hansmartin and Haussener, Sophia and Steinfeld, Aldo and Petrasch, Jörg},
	urldate = {2015-07-22},
	date = {2013-03-09},
	langid = {english},
}

@inproceedings{charalampous_tree_2014,
	title = {Tree Traversal Algorithms for Real Time Sound Propagation Calculation},
	booktitle = {Audio Engineering Society Conference: 55th International Conference: Spatial Audio},
	publisher = {Audio Engineering Society},
	author = {Charalampous, Panagiotis and Michael, Despina},
	date = {2014}
}

@inproceedings{tahiroglu_soundflex:_2014,
	title = {{SoundFLEX}: Designing Audio to Guide Interactions with Shape-Retaining Deformable Interfaces},
	pages = {267--274},
	booktitle = {Proceedings of the 16th International Conference on Multimodal Interaction},
	publisher = {{ACM}},
	author = {Tahiro?lu, Koray and Svedström, Thomas and Wikström, Valtteri and Overstall, Simon and Kildal, Johan and Ahmaniemi, Teemu},
	date = {2014}
}

@inproceedings{marentakis_effects_2006,
	title = {Effects of Feedback, Mobility and Index of Difficulty on Deictic Spatial Audio Target Acquisition in the Horizontal Plane},
	url = {http://dl.acm.org/citation.cfm?id=1124826},
	pages = {359--368},
	booktitle = {Proceedings of the {SIGCHI} conference on Human Factors in computing systems},
	publisher = {{ACM}},
	author = {Marentakis, Georgios N. and Brewster, Stephen A.},
	urldate = {2015-04-12},
	date = {2006},
}

@inproceedings{janin_musique_2012,
	title = {Musique Computationnelle : Des Arabesques de Debussy aux Monoides Quasi-Inversifs de Lawson},
	author = {Janin, David},
	booktitle = {Séminaire MaMuX},
	date = {2012}
}

@article{hunt_importance_2003,
	title = {The Importance of Parameter Mapping in Electronic Instrument Design},
	volume = {32},
	pages = {429--440},
	number = {4},
	journaltitle = {Journal of New Music Research},
	author = {Hunt, Andy and Wanderley, Marcelo M and Paradis, Matthew},
	date = {2003},
}

@inproceedings{condotta_generic_2006,
	title = {A generic toolkit for n-ary qualitative temporal and spatial calculi},
	url = {http://ieeexplore.ieee.org/xpls/abs_all.jsp?arnumber=1635985},
	pages = {78--86},
	booktitle = {Temporal Representation and Reasoning, 2006. {TIME} 2006. Thirteenth International Symposium on},
	publisher = {{IEEE}},
	author = {Condotta, Jean-Francois and Saade, Mahmoud and Ligozat, Gerard},
	urldate = {2015-07-21},
	date = {2006},
}

@inproceedings{zhao_earpod:_2007,
	title = {Earpod: eyes-free menu selection using touch input and reactive audio feedback},
	url = {http://dl.acm.org/citation.cfm?id=1240836},
	shorttitle = {Earpod},
	pages = {1395--1404},
	booktitle = {Proceedings of the {SIGCHI} conference on Human factors in computing systems},
	publisher = {{ACM}},
	author = {Zhao, Shengdong and Dragicevic, Pierre and Chignell, Mark and Balakrishnan, Ravin and Baudisch, Patrick},
	urldate = {2015-04-12},
	date = {2007},
}

@report{muller_sample_2011,
	title = {Sample Rate Conversion for the Audio Doppler Effect},
	author = {Müller, Jörg},
	date = {2011},
}

@incollection{malloch_network-based_2008,
	title = {A network-based framework for collaborative development and performance of digital musical instruments},
	url = {http://link.springer.com/chapter/10.1007/978-3-540-85035-9_28},
	pages = {401--425},
	booktitle = {Computer Music Modeling and Retrieval. Sense of Sounds},
	publisher = {Springer},
	author = {Malloch, Joseph and Sinclair, Stephen and Wanderley, Marcelo M.},
	urldate = {2015-04-12},
	date = {2008},
}

@inproceedings{orio_input_2001,
	title = {Input devices for musical expression: borrowing tools from {HCI}},
	url = {http://dl.acm.org/citation.cfm?id=1085157},
	shorttitle = {Input devices for musical expression},
	pages = {1--4},
	booktitle = {Proceedings of the 2001 conference on New interfaces for musical expression},
	publisher = {National University of Singapore},
	author = {Orio, Nicola and Schnell, Norbert and Wanderley, Marcelo M.},
	urldate = {2015-04-12},
	date = {2001},
}

@unpublished{carpentier_processing_2015,
	location = {Workshop on Interactivity in Music Composition and Performance},
	title = {Processing, Authoring and Composing of Spatial Sounds (using Spat and {OpenMusic})},
	author = {Carpentier, Thibaut and Garcia, Jérémie},
	date = {2015-05},
}

@article{arias_executing_2014,
	title = {Executing Hierarchical Interactive Scores in {ReactiveML}},
	url = {http://www.labri.fr/perso/jarias/files/jim2014/article.pdf},
	pages = {25--34},
	journaltitle = {Actes des Journées d?Informatique Musicale},
	author = {Arias, Jaime and Desainte-Catherine, Myriam and Salvati, Sylvain and Rueda, Camilo},
	urldate = {2015-11-02},
	date = {2014},
}

@article{xu_aht_2007,
	title = {{AHT} Bézier curves and {NUAHT} B-spline curves},
	volume = {22},
	url = {http://www.springerlink.com/index/p2k4537q3j140574.pdf},
	pages = {597--607},
	number = {4},
	journaltitle = {Journal of computer science and technology},
	author = {Xu, Gang and Wang, Guo-Zhao},
	urldate = {2015-07-21},
	date = {2007}
}

@inproceedings{gustafson_imaginary_2010,
	title = {Imaginary interfaces: spatial interaction with empty hands and without visual feedback},
	pages = {3--12},
	booktitle = {Proceedings of the 23nd annual {ACM} symposium on User interface software and technology},
	publisher = {{ACM}},
	author = {Gustafson, Sean and Bierwirth, Daniel and Baudisch, Patrick},
	date = {2010},
}

@article{desainte-catherine_interactive_2005,
	title = {Interactive scores: A model for specifying temporal relations between interactive and static events},
	volume = {34},
	pages = {361--374},
	number = {4},
	journaltitle = {Journal of New Music Research},
	author = {Desainte-Catherine, Myriam and Allombert, Antoine},
	date = {2005},
}

@article{peters_spatial_2013,
	title = {The spatial sound description interchange format: Principles, specification, and examples},
	volume = {37},
	url = {http://www.mitpressjournals.org/doi/abs/10.1162/COMJ_a_00167},
	shorttitle = {The spatial sound description interchange format},
	pages = {11--22},
	number = {1},
	journaltitle = {Computer Music Journal},
	author = {Peters, Nils and Lossius, Trond and Schacher, Jan C.},
	urldate = {2015-04-12},
	date = {2013},
}

@incollection{neto_usability_2014,
	title = {Usability Evaluation of a Web System for Spatially Oriented Audio Descriptions of Images Addressed to Visually Impaired People},
	pages = {154--165},
	booktitle = {Universal Access in Human-Computer Interaction. Universal Access to Information and Knowledge},
	publisher = {Springer},
	author = {Neto, José Monserrat and Freire, André P and Souto, Sabrina S and Abílio, Ramon S},
	date = {2014}
}

@inproceedings{gantner_gqr-fast_2008,
	title = {{GQR}-A fast reasoner for binary qualitative constraint calculi},
	volume = {8},
	url = {http://www.aaai.org/Papers/Workshops/2008/WS-08-11/WS08-11-004.pdf},
	booktitle = {Proceedings of {AAAI}},
	author = {Gantner, Zeno and Westphal, Matthias and Wölfl, Stefan},
	urldate = {2015-07-21},
	date = {2008},
}

@article{raghuvanshi_parametric_2014,
	title = {Parametric wave field coding for precomputed sound propagation},
	volume = {33},
	issn = {07300301},
	url = {http://dl.acm.org/citation.cfm?doid=2601097.2601184},
	doi = {10.1145/2601097.2601184},
	pages = {1--11},
	number = {4},
	journaltitle = {{ACM} Transactions on Graphics},
	author = {Raghuvanshi, Nikunj and Snyder, John},
	urldate = {2015-04-12},
	date = {2014-07-27},
	langid = {english},
}

@article{quinn_next-gen_????,
	title = {Next-gen Game Audio Tool: Interactive Mixer Prototype},
	url = {http://www.aquinn.co.uk/Reports/IMReport.pdf},
	shorttitle = {Next-gen Game Audio Tool},
	author = {Quinn, Andrew},
	urldate = {2015-11-02},
}

@article{xie_reactive_2014,
	title = {Reactive Programming for Interactive Graphics},
	volume = {29},
	issn = {0883-4237},
	url = {http://projecteuclid.org/euclid.ss/1408368571},
	doi = {10.1214/14-STS477},
	pages = {201--213},
	number = {2},
	journaltitle = {Statistical Science},
	author = {Xie, Yihui and Hofmann, Heike and Cheng, Xiaoyue},
	urldate = {2015-07-22},
	date = {2014-05},
	langid = {english},
}

@thesis{le_prado_ecriture_2013,
	title = {Ecriture sonore: entre déterminisme, émergence et interactivité.},
	institution = {Paris, {CNAM}},
	type = {phdthesis},
	author = {Le Prado, Cécile},
	date = {2013},
}

@report{morcrette_modeles_????,
	title = {Modèles de contraintes temporelles pour les partitions musicales interactives},
	url = {http://www.dptinfo.ens-cachan.fr/Archives/Stages/StagesL3M1-2007/Morcrette/rapport.pdf},
	author = {Morcrette, Basile and Desainte-Catherine, Myriam and Image, Équipe and Son, {LaBRI}},
	urldate = {2015-11-02},
}

@inproceedings{jonathan_lordinateur_2014,
	title = {L?ordinateur portable comme instrument de musique},
	pages = {3--4},
	booktitle = {{IHM}'14, 26e conférence francophone sur l'Interaction Homme-Machine},
	author = {Jonathan, Aceituno and Ludovic, Potier},
	date = {2014},
}

@article{kaufman_volume_1993,
	title = {Volume Graphics},
	volume = {26},
	pages = {51--64},
	number = {7},
	journaltitle = {{IEEE} Computer},
	author = {Kaufman, Arie and Cohen, Daniel and Yagel, Roni},
	date = {1993}
}
@book{hortner_spaxels_2012,
	title = {Spaxels, pixels in space},
	url = {http://www.researchgate.net/profile/Horst_Hoertner/publication/260823920_Spaxels_Pixels_in_Space_A_novel_mode_of_spatial_display/links/0f31753270c857a9d8000000.pdf},
	author = {Hörtner, Horst and Gardiner, Matthew and Haring, Roland and Lindinger, Christopher and Berger, Florian},
	urldate = {2015-11-03},
	date = {2012-06},
}
@inproceedings{santosa_direct_2013,
	title = {Direct space-time trajectory control for visual media editing},
	url = {http://dl.acm.org/citation.cfm?id=2466148},
	pages = {1149--1158},
	booktitle = {Proceedings of the {SIGCHI} Conference on Human Factors in Computing Systems},
	publisher = {{ACM}},
	author = {Santosa, Stephanie and Chevalier, Fanny and Balakrishnan, Ravin and Singh, Karan},
	urldate = {2015-07-22},
	date = {2013},
}

@article{bergqvist_auditory_2014,
	title = {Auditory displays: A study in effectiveness between binaural and stereo audio to support interface navigation},
	url = {http://www.diva-portal.org/smash/record.jsf?pid=diva2:753290},
	shorttitle = {Auditory displays},
	author = {Bergqvist, Emil},
	urldate = {2015-04-12},
	date = {2014},
}

@inproceedings{allombert_concurrent_2006,
	title = {Concurrent constraints models for interactive scores},
	url = {http://hal.upmc.fr/hal-00307924},
	pages = {electronique},
	booktitle = {3rd Sound and Music Computing Conference ({SMC}06), {GMEM}},
	author = {Allombert, Antoine and Assayag, Gérard and Desainte-Catherine, Myriam and Rueda, Camilo},
	urldate = {2015-11-02},
	date = {2006},
}

@inproceedings{beurive_logiciel_????,
	title = {Un logiciel de composition musicale combinant un modèle spectral, des structures hiérarchiques et des contraintes},
	author = {Beurivé, Anthony},
}

@unpublished{garcia_jeremie_processing_2015,
	location = {{CIRMMT} ? {McGill} University, Montreal},
	title = {Processing, Authoring and Composing of Spatial Sounds (using Spat and {OpenMusic})},
	note = {Workshop on 	  Interactivity in Music Composition and Performance},
	author = {{Garcia, Jérémie} and {Carpentier, Thibaut}},
	date = {2015-05},
}

@inproceedings{kauppinen_ontology-based_2008,
	title = {Ontology-based Disambiguation of Spatiotemporal Locations.},
	url = {http://www.seco.tkk.fi/publications/2008/kauppinen-et-al-spatiotemporal.pdf},
	booktitle = {{IRSW}},
	author = {Kauppinen, Tomi and Henriksson, Riikka and Sinkkilä, Reetta and Lindroos, Robin and Väätäinen, Jari and Hyvönen, Eero},
	urldate = {2015-04-12},
	date = {2008},
}

@article{shaer_tangible_2009,
	title = {Tangible User Interfaces: Past, Present, and Future Directions},
	volume = {3},
	issn = {1551-3955, 1551-3963},
	url = {http://www.nowpublishers.com/article/Details/HCI-026},
	doi = {10.1561/1100000026},
	shorttitle = {Tangible User Interfaces},
	pages = {1--137},
	number = {1},
	journaltitle = {Foundations and Trends® in Human?Computer Interaction},
	author = {Shaer, Orit},
	urldate = {2015-04-12},
	date = {2009},
	langid = {english},
}

@article{favory_trajectoires:_2015,
	title = {Trajectoires: une application mobile pour le contrôle et l?écriture de la spatialisation sonore},
	url = {http://jeremiegarcia.fr/doc/traj-ihm15.pdf},
	shorttitle = {Trajectoires},
	author = {Favory, Xavier and Garcia, Jérémie and Bresson, Jean},
	urldate = {2015-08-03},
	note = {00000},
    date = {2015},
}

@thesis{gabriele_catalano_virtual_2011,
	title = {Virtual Reality in Interactive Environments : A Comparative Analysis of Spatial Audio Engines},
	institution = {S.A.E Institute Oxford},
	type = {phdthesis},
	author = {{Gabriele Catalano}},
	date = {2011-10-28},
}

@inproceedings{robinson_comparison_2012,
	title = {A Comparison of Audio Frameworks for Teaching, Research, and Development},
	url = {http://www.aes.org/e-lib/browse.cfm?elib=16260},
	booktitle = {Audio Engineering Society Convention 132},
	publisher = {Audio Engineering Society},
	author = {Robinson, Martin and Bullock, Jamie},
	urldate = {2015-04-12},
	date = {2012},
}

@unpublished{arias_sequenceur_????,
	title = {Le séquenceur multimédia interactif i-score},
	author = {Arias, Jaime and Celerier, Jean-Michaël},
}
@inproceedings{cont2008antescofo,
    title={ANTESCOFO: Anticipatory Synchronization and Control of Interactive Parameters in Computer Music.},
    author={Cont, Arshia},
    booktitle={International Computer Music Conference (ICMC)},
    pages={33--40},
    year={2008}
}

@article{kearney_distance_2012,
	title = {Distance Perception in Interactive Virtual Acoustic Environments using First and Higher Order Ambisonic Sound Fields},
	volume = {98},
	issn = {16101928},
	url = {http://openurl.ingenta.com/content/xref?genre=article&issn=1610-1928&volume=98&issue=1&spage=61},
	doi = {10.3813/AAA.918492},
	pages = {61--71},
	number = {1},
	journaltitle = {Acta Acustica united with Acustica},
	author = {Kearney, Gavin and Gorzel, Marcin and Rice, Henry and Boland, Frank},
	urldate = {2015-07-22},
	date = {2012-01-01},
	langid = {english},
}

@article{marsden_echoes_2014,
	title = {Echoes in Plato?s Cave: Ontology of Sound Objects in Computer Music and Analysis},
	url = {http://www.smc-conference.net/smc-icmc-2014/images/proceedings/OS6-IS03-EchoesinPlatoasCave.pdf},
	shorttitle = {Echoes in Plato?s Cave},
	author = {Marsden, Alan},
	urldate = {2015-04-12},
	date = {2014},
}

@unpublished{perez-lopez_3dj_2015,
	location = {Linux Audio Conference},
	title = {3Dj - Supercollider Framework for Live Sound Spatialization},
	author = {Perez-Lopez, Andres},
	date = {2015},
}

@inproceedings{doring_design_2013,
	title = {A design space for ephemeral user interfaces},
	url = {http://dl.acm.org/citation.cfm?id=2460637},
	pages = {75--82},
	booktitle = {Proceedings of the 7th International Conference on Tangible, Embedded and Embodied Interaction},
	publisher = {{ACM}},
	author = {Döring, Tanja and Sylvester, Axel and Schmidt, Albrecht},
	urldate = {2015-04-12},
	date = {2013},
}

@inproceedings{bresson_openmusic:_2011,
	author = {Bresson, Jean and Agon, Carlos and Assayag, G{\'e}rard},
	title = {OpenMusic: Visual Programming Environment for Music Composition, Analysis and Research},
	booktitle = {Proceedings of the 19th ACM International Conference on Multimedia},
	series = {MM '11},
	year = {2011},
	location = {Scottsdale, Arizona, USA},
	pages = {743--746},
	numpages = {4},
	acmid = {2072434},
	publisher = {ACM},
	address = {New York, NY, USA},
	keywords = {computer-aided composition, music, visual programming},
}

@book{bhatt_reasoning_1990,
	title = {Reasoning about Space, Actions and Change},
	publisher = {Via Afrika Limited},
	author = {Bhatt, Mehul},
	date = {1990},
}

@inproceedings{fober_les_2015,
    TITLE = {{Les nouveaux espaces de la notation musicale}},
    AUTHOR = {Fober, Dominique and Bresson, Jean and Couprie, Pierre and Geslin, Yann},
    URL = {https://hal.archives-ouvertes.fr/hal-01160759},
    BOOKTITLE = {{Journ{\'e}es d'Informatique Musicale}},
    ADDRESS = {Montr{\'e}al, Canada},
    ORGANIZATION = {{Facult{\'e} de musique de l'Universit{\'e} de Montr{\'e}al}},
    YEAR = {2015},
    KEYWORDS = {Notation musicale ; informatique},
    PDF = {https://hal.archives-ouvertes.fr/hal-01160759/file/GT-Notation-final.pdf},
    HAL_ID = {hal-01160759},
    HAL_VERSION = {v2},
}

@thesis{chalon_realite_2004,
	title = {Réalité mixte et travail collaboratif: {IRVO}, un modèle de l'interaction homme-machine},
	institution = {Ecole Centrale de Lyon},
	type = {phdthesis},
	author = {Chalon, René},
	date = {2004},
}

@inproceedings{ishii_tangible_2008,
	title = {Tangible bits: beyond pixels},
	pages = {xv--xxv},
	booktitle = {Proceedings of the 2nd international conference on Tangible and embedded interaction},
	publisher = {{ACM}},
	author = {Ishii, Hiroshi},
	date = {2008}
}

@book{dix_human-computer_1998,
	location = {Upper Saddle River, {NJ}, {USA}},
	title = {Human-computer Interaction (2Nd Ed.)},
	isbn = {0-13-239864-8},
	publisher = {Prentice-Hall, Inc.},
	author = {Dix, Alan and Finley, Janet and Abowd, Gregory and Beale, Russell},
	date = {1998}
}

@incollection{herre_general_2010,
	title = {General Formal Ontology ({GFO}): A foundational ontology for conceptual modelling},
	url = {http://link.springer.com/chapter/10.1007/978-90-481-8847-5_14},
	shorttitle = {General Formal Ontology ({GFO})},
	pages = {297--345},
	booktitle = {Theory and Applications of Ontology: Computer Applications},
	publisher = {Springer},
	author = {Herre, Heinrich},
	urldate = {2015-11-02},
	date = {2010},
}

@thesis{marczak_etude_????,
	title = {Etude d?une représentation hiérarchique liant micro et macro-structures musicales},
	type = {phdthesis},
	author = {Marczak, Raphael and {ENSEIRB}, Tuteur and {PERROT}, Bernard},
}
@inproceedings{fober2012environment,
    title={An environment for the design of live music scores},
    author={Fober, Dominique and Orlarey, Yann and Letz, Stéphane},
    booktitle={Proceedings of the Linux Audio Conference, CCRMA, Stanford University, California, US},
    pages={47--54},
    year={2012}
}

@incollection{de_carvalho_correia_gesture-based_2013,
	title = {Gesture-based interaction in domotic environments: State of the art and {HCI} framework inspired by the diversity},
	url = {http://link.springer.com/chapter/10.1007/978-3-642-40480-1_19},
	shorttitle = {Gesture-based interaction in domotic environments},
	pages = {300--317},
	booktitle = {Human-Computer Interaction?{INTERACT} 2013},
	publisher = {Springer},
	author = {de Carvalho Correia, Ana Carla and de Miranda, Leonardo Cunha and Hornung, Heiko},
	urldate = {2015-04-12},
	date = {2013},
}

@incollection{batsakis_sowl:_2011,
	title = {Sowl: A framework for handling spatio-temporal information in owl 2.0},
	url = {http://link.springer.com/chapter/10.1007/978-3-642-22546-8_19},
	shorttitle = {Sowl},
	pages = {242--249},
	booktitle = {Rule-Based Reasoning, Programming, and Applications},
	publisher = {Springer},
	author = {Batsakis, Sotiris and Petrakis, Euripides {GM}},
	urldate = {2015-04-12},
	date = {2011},
}

@article{letz_specification_2014,
	title = {Spécification de l'extension {LibAudioStream}},
	url = {https://hal.archives-ouvertes.fr/hal-00965269/},
	author = {Letz, Stéphane},
	urldate = {2015-07-22},
	date = {2014},
}
@article{cabaud2002controle,
	title={Le contr{\^o}le de la Spatialisation Multi-Sources - Nouvelles Fonctionnalit{\'e}s dans Holophon Version 2.2},
	author={Cabaud, Benjamin and Pottier, Laurent},
	journal={Actes des Journ{\'e}es d'Informatique Musicale},
	year={2002}
}
@inproceedings{brink2006verse,
	title={The verse networked 3d graphics platform},
	author={Brink, Emil and Steenberg, Eskil and Svensson, Gert},
	booktitle={Link{\"o}ping Electronic Conference Proceedings. SIGRAD Conference},
	pages={44--48},
	year={2006},
	organization={Citeseer}
}


@inproceedings{wall_feeling_2006,
	title = {Feeling what you hear: tactile feedback for navigation of audio graphs},
	url = {http://dl.acm.org/citation.cfm?id=1124941},
	shorttitle = {Feeling what you hear},
	pages = {1123--1132},
	booktitle = {Proceedings of the {SIGCHI} conference on Human Factors in computing systems},
	publisher = {{ACM}},
	author = {Wall, Steven and Brewster, Stephen},
	urldate = {2015-04-12},
	date = {2006},
}

@article{hollan_distributed_2000,
	title = {Distributed Cognition: Toward a New Foundation for Human-computer Interaction Research},
	volume = {7},
	issn = {1073-0516},
	url = {http://doi.acm.org/10.1145/353485.353487},
	doi = {10.1145/353485.353487},
	pages = {174--196},
	number = {2},
	journaltitle = {{ACM} Trans. Comput.-Hum. Interact.},
	author = {Hollan, James and Hutchins, Edwin and Kirsh, David},
	date = {2000-06},
	keywords = {cognitive science, distributed cognition, ethnography, human-computer interaction, research methodology},
}

@inproceedings{lazzarini_sound_2001,
	title = {Sound processing with the sndobj library: an overview},
	booktitle = {Proceedings of the 4th International Conference on Digital Audio Effects ({DAFX}?01)},
	author = {Lazzarini, Victor},
	date = {2001},
}

@thesis{salazar_modelisation_2004,
	title = {Modélisation et analyse spatiale et temporelle des jeux vidéo basées sur les réseaux de Pétri},
	institution = {{CNAM}},
	type = {phdthesis},
	author = {Salazar, Liliana},
	date = {2004},
}

@online{_tony:_????,
	title = {Tony: a tool for melody annotation - Sound Software .ac.uk},
	url = {https://code.soundsoftware.ac.uk/projects/tony/},
	urldate = {2015-04-12},
}

@article{song_interactive_1999,
	title = {Interactive authoring of multimedia documents in a constraint-based authoring system},
	volume = {7},
	url = {http://link.springer.com/article/10.1007/s005300050143},
	pages = {424--437},
	number = {5},
	journaltitle = {Multimedia Systems},
	author = {Song, Junehwa and Ramalingam, G. and Miller, Raymond and Yi, Byoung-Kee},
	urldate = {2015-10-12},
	date = {1999},
}

@thesis{mauricio_structured_2012,
	title = {Structured interactive scores: From a structural description of a multimedia scenario to a real-time capable implementation with formal semantics},
	url = {http://www.cs.ucy.ac.cy/~mtoro/phdToro.pdf},
	institution = {Université de Bordeaux},
	type = {phdthesis},
	author = {Mauricio, {TORO}},
	urldate = {2015-11-02},
	date = {2012},
}

@inproceedings{kaptelinin_affordances_2012,
	title = {Affordances in {HCI}: toward a mediated action perspective},
	url = {http://dl.acm.org/citation.cfm?id=2208541},
	shorttitle = {Affordances in {HCI}},
	pages = {967--976},
	booktitle = {Proceedings of the {SIGCHI} Conference on Human Factors in Computing Systems},
	publisher = {{ACM}},
	author = {Kaptelinin, Victor and Nardi, Bonnie},
	urldate = {2015-04-12},
	date = {2012},
}

@article{dubus_systematic_2013,
	title = {A systematic review of mapping strategies for the sonification of physical quantities},
	volume = {8},
	url = {http://dx.plos.org/10.1371/journal.pone.0082491.g005},
	pages = {e82491},
	number = {12},
	journaltitle = {{PloS} one},
	author = {Dubus, Gaël and Bresin, Roberto},
	urldate = {2015-04-12},
	date = {2013},
}

@inproceedings{arias_exploiting_????,
	title = {Exploiting Parallelism in {FPGAs} for the Real-Time Interpretation of Interactive Multimedia Scores},
	url = {http://jim2015.oicrm.org/actes/JIM15_Arias_J_et_al.pdf},
	booktitle = {Journées d'Informatique Musicale 2015},
	author = {Arias, Jaime and Desainte-Catherine, Myriam and Rueda, Camilo},
	urldate = {2015-11-02},
}

@book{kramer_auditory_1993,
	title = {Auditory display: Sonification, audification, and auditory interfaces},
	publisher = {Perseus Publishing},
	author = {Kramer, Gregory},
	date = {1993}
}

@incollection{martinez_cognitive_2014,
	title = {Cognitive evaluation of haptic and audio feedback in short range navigation tasks},
	url = {http://link.springer.com/chapter/10.1007/978-3-319-08599-9_20},
	pages = {128--135},
	booktitle = {Computers Helping People with Special Needs},
	publisher = {Springer},
	author = {Martinez, Manuel and Constantinescu, Angela and Schauerte, Boris and Koester, Daniel and Stiefelhagen, Rainer},
	urldate = {2015-04-12},
	date = {2014},
}

@book{wakefield_cosm:_2011,
	title = {Cosm: A toolkit for composing immersive audio-visual worlds of agency and autonomy},
	url = {http://www.mat.ucsb.edu/~wakefield/pubs/11-WakefieldSmith_ICMC2011_Cosm.pdf},
	shorttitle = {Cosm},
	publisher = {Ann Arbor, {MI}: {MPublishing}, University of Michigan Library},
	author = {Wakefield, Graham and Smith, Wesley},
	urldate = {2015-06-24},
	date = {2011},
	note = {00007},
}

@inproceedings{bates_comparative_2007,
	title = {A comparative study of the performance of spatialization techniques for a distributed audience in a concert hall environment},
	url = {http://www.aes.org/e-lib/browse.cfm?elib=13948},
	booktitle = {Audio Engineering Society Conference: 31st International Conference: New Directions in High Resolution Audio},
	publisher = {Audio Engineering Society},
	author = {Bates, Enda and Boland, Frank and Furlong, Dermot and Kearney, Gavin},
	urldate = {2015-06-24},
	date = {2007},
	note = {00013},
}

@online{_radclock_????,
	title = {{RADClock} - {SyncLab}},
	url = {http://www.synclab.org/radclock/},
	urldate = {2015-04-12},
}

@book{murty_computational_2015,
	title = {Computational and algorithmic linear algebra and n-dimensional geometry},
	url = {http://www.worldscientific.com/doi/pdf/10.1142/9789814366649_fmatter},
	publisher = {World Scientific},
	author = {Murty, Katta G.},
	urldate = {2015-11-02},
	date = {2015},
}

@inproceedings{kendall_towards_2008,
	title = {Towards an interchange format for spatial audio scenes},
	url = {http://www.int.uni-rostock.de/fileadmin/user_upload/publications/st/mgeier/kendall2008interchange_format.pdf},
	pages = {295--296},
	booktitle = {Proceedings of the International Computer Music Conference},
	author = {Kendall, Gary S. and Peters, Nils and Geier, Matthias and Telekom, Deutsche and Berlin, G.},
	urldate = {2015-07-22},
	date = {2008},
}

@inproceedings{liapis_sentient_2013,
	title = {Sentient Sketchbook: Computer-aided game level authoring.},
	url = {http://www.itu.dk/people/anli/mixedinitiative/sentient_sketchbook.pdf},
	shorttitle = {Sentient Sketchbook},
	pages = {213--220},
	booktitle = {{FDG}},
	author = {Liapis, Antonios and Yannakakis, Georgios N. and Togelius, Julian},
	urldate = {2015-04-12},
	date = {2013},
}

@article{sederberg_computer_2012,
	title = {Computer aided geometric design},
	url = {http://scholarsarchive.byu.edu/facpub/1/?utm_source=scholarsarchive.byu.edu%2Ffacpub%2F1&utm_medium=PDF&utm_campaign=PDFCoverPages},
	author = {Sederberg, Thomas W.},
	urldate = {2015-11-02},
	date = {2012},
}

@article{valimaki_fifty_2012,
	title = {Fifty years of artificial reverberation},
	volume = {20},
	pages = {1421--1448},
	number = {5},
	journaltitle = {Audio, Speech, and Language Processing, {IEEE} Transactions on},
	author = {Valimaki, Vesa and Parker, Julian D and Savioja, Lauri and Smith, Julius O and Abel, Jonathan S},
	date = {2012}
}

@article{kidd_multi-touch_2011,
	title = {Multi-touch interfaces in museum spaces: reporting preliminary findings on the nature of interaction},
	url = {http://www.idc.ul.ie/techmuseums11/paper/paper1.pdf},
	shorttitle = {Multi-touch interfaces in museum spaces},
	journaltitle = {Rethinking Technology in Museums: Emerging Experiences. University of Limerick},
	author = {Kidd, Jenny and Ntalla, Irida and Lyons, William},
	urldate = {2015-11-02},
	date = {2011},
}

@inproceedings{gajer_fast_2000,
	title = {A fast multi-dimensional algorithm for drawing large graphs},
	url = {https://cs.arizona.edu/~kobourov/grip_paper.pdf},
	pages = {211--221},
	booktitle = {Graph Drawing?00 Conference Proceedings},
	author = {Gajer, Pawel and Goodrich, Michael T. and Kobourov, Stephen G.},
	urldate = {2015-11-02},
	date = {2000},
}

@article{pauletto_toolkit_2004,
	title = {A toolkit for interactive sonification},
	url = {https://smartech.gatech.edu/handle/1853/50827},
	author = {Pauletto, Sandra and Hunt, Andy},
	urldate = {2015-04-12},
	date = {2004},
}

@inproceedings{noisternig_3d_2003,
	title = {3d binaural sound reproduction using a virtual ambisonic approach},
	pages = {174--178},
	booktitle = {Virtual Environments, Human-Computer Interfaces and Measurement Systems, 2003. {VECIMS}'03. 2003 {IEEE} International Symposium on},
	publisher = {{IEEE}},
	author = {Noisternig, Markus and Musil, Thomas and Sontacchi, Alois and Höldrich, Robert},
	date = {2003},
}

@article{b_dker_humanartifact_2011,
	title = {The human?artifact model: An activity theoretical approach to artifact ecologies},
	volume = {26},
	url = {http://www.tandfonline.com/doi/abs/10.1080/07370024.2011.626709},
	shorttitle = {The human?artifact model},
	pages = {315--371},
	number = {4},
	journaltitle = {Human?Computer Interaction},
	author = {B? dker, Susanne and Klokmose, Clemens Nylandsted},
	urldate = {2015-04-12},
	date = {2011},
}

@inproceedings{fan_reality_2013,
	title = {Reality jockey: lifting the barrier between alternate realities through audio and haptic feedback},
	pages = {2557--2566},
	booktitle = {Proceedings of the {SIGCHI} Conference on Human Factors in Computing Systems},
	publisher = {{ACM}},
	author = {Fan, Kevin and Izumi, Hideyuki and Sugiura, Yuta and Minamizawa, Kouta and Wakisaka, Sohei and Inami, Masahiko and Fujii, Naotaka and Tachi, Susumu},
	date = {2013}
}

@report{de_la_hogue_theo_etat_????,
	title = {État des lieux mi-parcours {OSSIA}},
	author = {de la Hogue, Théo},
}

@article{verfaille_mapping_2006,
	title = {Mapping strategies for gestural and adaptive control of digital audio effects},
	volume = {35},
	issn = {0929-8215, 1744-5027},
	url = {http://www.tandfonline.com/doi/abs/10.1080/09298210600696881},
	doi = {10.1080/09298210600696881},
	pages = {71--93},
	number = {1},
	journaltitle = {Journal of New Music Research},
	author = {Verfaille, Vincent and Wanderley, Marcelo M. and Depalle, Philippe},
	urldate = {2015-04-12},
	date = {2006-03},
	langid = {english},
}

@inproceedings{tsingos_fast_1998,
	title = {Fast rendering of sound occlusion and diffraction effects for virtual acoustic environments},
	url = {http://www.aes.org/e-lib/browse.cfm?elib=8481},
	booktitle = {Audio Engineering Society Convention 104},
	publisher = {Audio Engineering Society},
	author = {Tsingos, Nicolas and Gascuel, Jean-Dominique},
	urldate = {2015-07-21},
	date = {1998},
}

@online{center_for_history_and_new_media_guide_????,
	title = {Guide rapide pour débuter},
	url = {http://zotero.org/support/quick_start_guide},
	author = {{Center for History and New Media}},
}

@inproceedings{carpentier_hybrid_2014,
	title = {Hybrid Reverberation Processor With Perceptual Control},
	url = {http://www.dafx14.fau.de/papers/dafx14_thibaut_carpentier_hybrid_reverberation_proc.pdf},
	booktitle = {17th International Conference on Digital Audio Effects-{DAFx}-14},
	author = {Carpentier, Thibaut and Noisternig, Markus and Warusfel, Olivier},
	urldate = {2015-04-12},
	date = {2014},
}

@incollection{lim_3d_2015,
	title = {3D Sound Reproduction by Wave Field Synthesis},
	pages = {211--223},
	booktitle = {Novel 3D Media Technologies},
	publisher = {Springer},
	author = {Lim, Hyun},
	date = {2015}
}

@incollection{magnenat-thalmann_visualization_2014,
	location = {London},
	title = {Visualization and User Interaction Methods for Multiscale Biomedical Data},
	isbn = {978-1-4471-6274-2, 978-1-4471-6275-9},
	url = {http://link.springer.com/10.1007/978-1-4471-6275-9_5},
	pages = {107--133},
	booktitle = {3D Multiscale Physiological Human},
	publisher = {Springer London},
	author = {Millán Vaquero, Ricardo Manuel and Rzepecki, Jan and Friese, Karl-Ingo and Wolter, Franz-Erich},
	editor = {Magnenat-Thalmann, Nadia and Ratib, Osman and Choi, Hon Fai},
	urldate = {2015-04-12},
	date = {2014},
	langid = {english},
}

@article{rodriguez_performance_2014,
	title = {Performance Improvement of Multichannel Audio by Graphics Processing Units},
	url = {http://hgpu.org/?p=12916},
	author = {Rodriguez, Jose Antonio Belloch},
	urldate = {2015-04-12},
	date = {2014},
}

@article{ishii_radical_2012,
	title = {Radical atoms: beyond tangible bits, toward transformable materials},
	volume = {19},
	pages = {38--51},
	number = {1},
	journaltitle = {Interactions},
	author = {Ishii, Hiroshi and Lakatos, Dávid and Bonanni, Leonardo and Labrune, Jean-Baptiste},
	date = {2012}
}

@article{macdonald_towards_2014,
	title = {Towards a Method, Techniques and Tools to Support the Development of Auditory Displays},
	pages = {29},
	journaltitle = {{HCI} Engineering Charting the Way towards Methods and Tools for Advanced Interactive Systems},
	author = {{MacDonald}, Doon and Stockman, Tony},
	date = {2014},
	note = {00000},
}

@incollection{shen_blowbrush:_2014,
	title = {{BlowBrush}: A Design of Tangible Painting System Using Blowing Action},
	pages = {184--195},
	booktitle = {Distributed, Ambient, and Pervasive Interactions},
	publisher = {Springer},
	author = {Shen, Yang Ting and Lu, Pei Wen},
	date = {2014}
}

@inproceedings{toro-bermudez_concurrent_2010,
	title = {Concurrent constraints conditional-branching timed interactive scores},
	publisher = {Citeseer},
	author = {Toro-Bermúdez, Mauricio and Desainte-Catherine, Myriam and {others}},
	date = {2010},
}

@book{gilkey_binaural_2014,
	title = {Binaural and spatial hearing in real and virtual environments},
	publisher = {Psychology Press},
	author = {Gilkey, Robert and Anderson, Timothy R},
	date = {2014}
}

@article{hiebert_openal_2005,
	title = {Openal 1.1 specification and reference},
	author = {Hiebert, Garin},
	date = {2005},
    year = {2005}
}
@inproceedings{strauss1992object,
    title={An object-oriented 3D graphics toolkit},
    author={Strauss, Paul S and Carey, Rikk},
    booktitle={ACM SIGGRAPH Computer Graphics},
    volume={26},
    number={2},
    pages={341--349},
    year={1992},
    organization={ACM}
}
@inproceedings{boissonnat2000triangulations,
    title={Triangulations in CGAL},
    author={Boissonnat, Jean-Daniel and Devillers, Olivier and Teillaud, Monique and Yvinec, Mariette},
    booktitle={Proceedings of the sixteenth annual symposium on Computational geometry},
    pages={11--18},
    year={2000},
    organization={ACM}
}

@inproceedings{allombert_boxes_2008,
	title = {De Boxes à Iscore: vers une écriture de l'interaction},
	url = {https://hal.archives-ouvertes.fr/hal-00353628/},
	shorttitle = {De Boxes à Iscore},
	pages = {79--83},
	booktitle = {13èmes Journées de l'Informatique Musicale},
	author = {Allombert, Antoine and Desainte-Catherine, Myriam and Assayag, Gérard},
	urldate = {2015-11-02},
	date = {2008},
}

@incollection{brazil_review_2010,
	title = {A review of methods and frameworks for sonic interaction design: Exploring existing approaches},
	pages = {41--67},
	booktitle = {Auditory Display},
	publisher = {Springer},
	author = {Brazil, Eoin},
	date = {2010}
}

@thesis{delerue_spatialisation_2004,
	title = {Spatialisation du son et programmation par contraintes: le système {MusicSpace}},
	institution = {{UNIVERSITÉ} {PARIS} 6},
	type = {phdthesis},
	author = {{Delerue}, Olivier},
	date = {2004},
	year = {2004},
}

@article{weiss_logoot-undo:_2010,
	title = {Logoot-undo: Distributed collaborative editing system on p2p networks},
	volume = {21},
	url = {http://ieeexplore.ieee.org/xpls/abs_all.jsp?arnumber=5374392},
	shorttitle = {Logoot-undo},
	pages = {1162--1174},
	number = {8},
	journaltitle = {Parallel and Distributed Systems, {IEEE} Transactions on},
	author = {Weiss, Stephane and Urso, Pascal and Molli, Pascal},
	urldate = {2015-04-12},
	date = {2010},
}

@inproceedings{arias_framework_2015,
	title = {A Framework for Composition, Verification and Real-Time Performance of Multimedia Interactive Scenarios},
	url = {http://www.labri.fr/perso/jarias/is-framework/files/acsd-2014.pdf},
	booktitle = {15th International Conference on Application of Concurrency to System Design},
	author = {Arias, Jaime and Desainte-Catherine, Myriam and Rueda, Camilo},
	urldate = {2015-06-24},
	date = {2015},
	note = {00000},
}

@article{saroha_human_2011,
	title = {Human Computer Interaction: An intellectual approach},
	volume = {11},
	url = {http://citeseerx.ist.psu.edu/viewdoc/download?doi=10.1.1.208.1331&rep=rep1&type=pdf},
	shorttitle = {Human Computer Interaction},
	pages = {147--154},
	number = {2},
	journaltitle = {{IJCSMS} International Journal of Computer Science and Management Studies},
	author = {Saroha, Kuntal and Sharma, Sheela and Bhatia, Gurpreet},
	urldate = {2015-04-12},
	date = {2011},
}

@inproceedings{trapp_interactive_1999,
	title = {Interactive parametric geometry design},
	url = {http://arc.aiaa.org/doi/pdf/10.2514/6.1999-829},
	booktitle = {Proceedings of the 37th {AIAA} aerospace sciences meeting and exhibit, Reno ({NV})},
	author = {Trapp, J. C. and Sobieczky, Helmut},
	urldate = {2015-07-21},
	date = {1999},
}

@incollection{kim_unified_2013,
	location = {Dordrecht},
	title = {Unified Performance Authoring Tool for Heterogeneous Devices and Protocols},
	volume = {215},
	isbn = {978-94-007-5859-9, 978-94-007-5860-5},
	url = {http://link.springer.com/10.1007/978-94-007-5860-5_57},
	pages = {481--487},
	booktitle = {{IT} Convergence and Security 2012},
	publisher = {Springer Netherlands},
	author = {Kim, Youngjae and Oh, Seungwon and Lee, Dongwook and Choi, Haewook and Kim, Jinsul and Hahn, Minsoo},
	editor = {Kim, Kuinam J. and Chung, Kyung-Yong},
	urldate = {2015-04-12},
	date = {2013},
}

@incollection{hudak_arrows_2003,
	title = {Arrows, robots, and functional reactive programming},
	url = {http://link.springer.com/content/pdf/10.1007/978-3-540-44833-4_6.pdf},
	pages = {159--187},
	booktitle = {Advanced Functional Programming},
	publisher = {Springer},
	author = {Hudak, Paul and Courtney, Antony and Nilsson, Henrik and Peterson, John},
	urldate = {2015-07-22},
	date = {2003},
}

@inproceedings{krishnaswami_higher-order_2013,
	title = {Higher-order functional reactive programming without spacetime leaks},
	isbn = {978-1-4503-2326-0},
	url = {http://dl.acm.org/citation.cfm?doid=2500365.2500588},
	doi = {10.1145/2500365.2500588},
	pages = {221},
	publisher = {{ACM} Press},
	author = {Krishnaswami, Neelakantan R.},
	urldate = {2015-07-22},
	date = {2013},
	langid = {english},
}

@article{terrenghi_taxonomy_2009,
	title = {A taxonomy for and analysis of multi-person-display ecosystems},
	volume = {13},
	issn = {1617-4909, 1617-4917},
	url = {http://link.springer.com/10.1007/s00779-009-0244-5},
	doi = {10.1007/s00779-009-0244-5},
	pages = {583--598},
	number = {8},
	journaltitle = {Personal and Ubiquitous Computing},
	author = {Terrenghi, Lucia and Quigley, Aaron and Dix, Alan},
	urldate = {2015-11-02},
	date = {2009-11},
	langid = {english},
}

@inproceedings{danieau_h-studio:_2013,
	title = {H-Studio: an authoring tool for adding haptic and motion effects to audiovisual content},
	url = {http://dl.acm.org/citation.cfm?id=2514721},
	shorttitle = {H-Studio},
	pages = {83--84},
	booktitle = {Proceedings of the adjunct publication of the 26th annual {ACM} symposium on User interface software and technology},
	publisher = {{ACM}},
	author = {Danieau, Fabien and Bernon, Jérémie and Fleureau, Julien and Guillotel, Philippe and Mollet, Nicolas and Christie, Marc and Lécuyer, Anatole},
	urldate = {2015-04-12},
	date = {2013},
}

@inproceedings{gerhard_cross-modal_2004,
	title = {Cross-modal parametric composition},
	url = {http://www.researchgate.net/profile/David_Gerhard/publication/228982376_Cross-modal_parametric_composition/links/0fcfd50b66c4a19c4c000000.pdf},
	pages = {505--512},
	booktitle = {Proceedings of the 2004 International Computer Music Conference},
	author = {Gerhard, David and Hepting, Daryl H.},
	urldate = {2015-07-21},
	date = {2004},
}

@collection{porter_handbook_2008,
	location = {Amsterdam ; Boston},
	edition = {1st ed},
	title = {Handbook of knowledge representation},
	isbn = {9780444522115 0444522115},
	series = {Foundations of artificial intelligence},
	pagetotal = {1005},
	publisher = {Elsevier},
	editor = {Porter, Bruce and Lifschitz, Vladimir and Van Harmelen, Frank},
	date = {2008},
	keywords = {Knowledge representation (Information theory), Représentation des connaissances},
}

@inproceedings{fober_programmation_2013,
	title = {Programmation événementielle de partitions musicales interactives},
	url = {https://hal.archives-ouvertes.fr/hal-00825609/},
	pages = {91--95},
	booktitle = {Journées d'Informatique Musicale},
	author = {Fober, Dominique and Orlarey, Yann and Letz, Stephane},
	urldate = {2015-04-12},
	date = {2013},
}

@article{vazquez-alvarez_auditory_2012,
	title = {Auditory display design for exploration in mobile audio-augmented reality},
	volume = {16},
	issn = {1617-4909, 1617-4917},
	url = {http://link.springer.com/10.1007/s00779-011-0459-0},
	doi = {10.1007/s00779-011-0459-0},
	pages = {987--999},
	number = {8},
	journaltitle = {Personal and Ubiquitous Computing},
	author = {Vazquez-Alvarez, Yolanda and Oakley, Ian and Brewster, Stephen A.},
	urldate = {2015-04-12},
	date = {2012-12},
	langid = {english},
}

@thesis{andriamarozakaniaina_du_2012,
	title = {Du texte à la génération d'environnements virtuels 3D: application à la scénographie théâtrale},
	institution = {Université Toulouse le Mirail-Toulouse {II}},
	type = {phdthesis},
	author = {Andriamarozakaniaina, Tahiry},
	date = {2012},
}

@article{putnam_gamma:_2014,
	title = {Gamma: A C++ Sound Synthesis Library Further Abstracting the Unit Generator},
	author = {Putnam, Lance Jonathan},
	date = {2014},
}

@inproceedings{moser_playful_2013,
	title = {Playful taste interaction},
	pages = {340--343},
	booktitle = {Proceedings of the 12th International Conference on Interaction Design and Children},
	publisher = {{ACM}},
	author = {Moser, Christiane and Tscheligi, Manfred},
	date = {2013}
}

@inproceedings{benford_spatial_1993,
	title = {A spatial model of interaction in large virtual environments},
	pages = {109--124},
	booktitle = {Proceedings of the Third European Conference on Computer-Supported Cooperative Work 13?17 September 1993, Milan, Italy {ECSCW}?93},
	publisher = {Springer},
	author = {Benford, Steve and Fahlén, Lennart},
	date = {1993},
}

@inproceedings{robinson_ugen++audio_2011,
	title = {{UGen}++?An Audio Library: Teaching Game Audio Design and Programming},
	booktitle = {Audio Engineering Society Conference: 41st International Conference: Audio for Games},
	publisher = {Audio Engineering Society},
	author = {Robinson, Martin},
	date = {2011}
}

@report{bossut_extension_????,
	title = {Extension du logiciel i-score dans le cadre du projet {OSSIA}},
	author = {Bossut, Clément},
}

@book{grenon_formal_2003,
	title = {The formal ontology of spatio-temporal reality and its formalization},
	url = {http://www.aaai.org/Papers/Symposia/Spring/2003/SS-03-03/SS03-03-006.pdf},
	pagetotal = {27?34},
	publisher = {Amsterdam: {AAAI} Press},
	author = {Grenon, Pierre},
	urldate = {2015-11-03},
	date = {2003}
}

@inproceedings{rasmussen_shape-changing_2012,
	title = {Shape-changing interfaces: a review of the design space and open research questions},
	pages = {735--744},
	booktitle = {Proceedings of the {SIGCHI} Conference on Human Factors in Computing Systems},
	publisher = {{ACM}},
	author = {Rasmussen, Majken K and Pedersen, Esben W and Petersen, Marianne G and Hornb\{{\textbackslash}textbackslash\}a ek, Kasper},
	date = {2012}
}

@inproceedings{hudson_animation_1993,
	title = {Animation support in a user interface toolkit: Flexible, robust, and reusable abstractions},
	url = {http://dl.acm.org/citation.cfm?id=168648},
	shorttitle = {Animation support in a user interface toolkit},
	pages = {57--67},
	booktitle = {Proceedings of the 6th annual {ACM} symposium on User interface software and technology},
	publisher = {{ACM}},
	author = {Hudson, Scott E. and Stasko, John T.},
	urldate = {2015-11-02},
	date = {1993},
}

@inproceedings{funkhouser_beam_1998,
	title = {A beam tracing approach to acoustic modeling for interactive virtual environments},
	url = {http://dl.acm.org/citation.cfm?id=280818},
	pages = {21--32},
	booktitle = {Proceedings of the 25th annual conference on Computer graphics and interactive techniques},
	publisher = {{ACM}},
	author = {Funkhouser, Thomas and Carlbom, Ingrid and Elko, Gary and Pingali, Gopal and Sondhi, Mohan and West, Jim},
	urldate = {2015-04-12},
	date = {1998},
}

@online{thomas_funkhouser_interactive_????,
	title = {Interactive Acoustic Modeling of Complex Environments},
	url = {http://www.cs.princeton.edu/~funk/acoustics.html},
	author = {{Thomas Funkhouser}},
	urldate = {2015-04-12},
}

@thesis{chen_jen-yen_implementing_????,
	title = {Implementing an {OWL}-time {API}},
	type = {phdthesis},
	author = {Chen, Jen-Yen},
}

@collection{hermann_sonification_2011,
	location = {Berlin},
	title = {The sonification handbook},
	isbn = {9783832528195},
	pagetotal = {564},
	publisher = {Logos Verlag},
	editor = {Hermann, Thomas and Hunt, Andy and Neuhoff, John G.},
	date = {2011},
	keywords = {Auditory perception, Computer sound processing, Psychoacoustics, Recording and reproducing Digital techniques, Sound},
}

@inproceedings{janin_lazy_2012,
	title = {A lazy real-time system architecture for interactive music},
	url = {https://hal.archives-ouvertes.fr/hal-00676202/},
	pages = {133--139},
	booktitle = {{JIM} 2012},
	author = {Janin, David},
	urldate = {2015-04-12},
	date = {2012},
}

@inproceedings{grossman_interface_2003,
	title = {An interface for creating and manipulating curves using a high degree-of-freedom curve input device},
	url = {http://dl.acm.org/citation.cfm?id=642645},
	pages = {185--192},
	booktitle = {Proceedings of the {SIGCHI} conference on Human factors in computing systems},
	publisher = {{ACM}},
	author = {Grossman, Tovi and Balakrishnan, Ravin and Singh, Karan},
	urldate = {2015-07-22},
	date = {2003},
}

@inproceedings{blouin_malai:_2009,
	title = {Malai: un modèle conceptuel d'interaction pour les systèmes interactifs},
	pages = {129--138},
	booktitle = {Proceedings of the 21st International Conference on Association Francophone d'Interaction Homme-Machine},
	publisher = {{ACM}},
	author = {Blouin, Arnaud and Beaudoux, Olivier},
	date = {2009}
}

@article{lee_computational_1984,
	title = {Computational Geometry - A Survey},
	volume = {100},
	pages = {1072--1101},
	number = {12},
	journaltitle = {Computers, {IEEE} Transactions on},
	author = {Lee, Der-Tsai and Preparata, Franco P},
	date = {1984},
}

@article{lyons_guided_2000,
	title = {Guided by voices: An audio augmented reality system},
	url = {https://smartech.gatech.edu/handle/1853/50672},
	shorttitle = {Guided by voices},
	author = {Lyons, Kent and Gandy, Maribeth and Starner, Thad},
	urldate = {2015-04-12},
	date = {2000},
}

@article{schlieder_qualitative_1996,
	title = {Qualitative shape representation},
	volume = {2},
	pages = {123--140},
	journaltitle = {Geographic objects with indeterminate boundaries},
	author = {Schlieder, Christoph},
	date = {1996},
}

@article{gerzon_ambisonics_1985,
	title = {Ambisonics in multichannel broadcasting and video},
	volume = {33},
	pages = {859--871},
	number = {11},
	journaltitle = {Journal of the Audio Engineering Society},
	author = {Gerzon, Michael A},
	date = {1985},
	note = {00292}
}

@inproceedings{celerier_ossia:_2015,
	title = {OSSIA : Towards a unified interface for scoring time and interaction},
	shorttitle = {{OSSIA}},
	author = {Celerier, Jean-Michaël and Baltazar, Pascal and Bossut, Clément and Vuaille, Nicolas and Couturier, Jean-Michel and Desainte-Catherine, Myriam},
	urldate = {2015-11-02},
	booktitle = {TENOR: First International Conference on Technologies for Music Notation and Representation, Paris, France},
	date = {2015},
	year = {2015}
}

@inproceedings{allombert_virage:_2010,
	title = {{VIRAGE}: Designing an interactive intermedia sequencer from users requirements and theoretical background},
	pages = {1--1},
	booktitle = {International Computer Music Conference 2010},
	author = {Allombert, Antoine and Marczak, Raphaël and Desainte-Catherine, Myriam and Baltazar, Pascal and Garnier, Laurent},
	date = {2010},
}

@article{seldess_tahakum:_2011,
	title = {Tahakum: A Multi-Purpose Audio Control Framework},
	url = {http://citeseerx.ist.psu.edu/viewdoc/download?doi=10.1.1.232.3392&rep=rep1&type=pdf},
	shorttitle = {Tahakum},
	author = {Seldess, Zachary and Yamada, Toshiro},
	urldate = {2015-04-12},
	date = {2011},
}

@article{wolter_analyzing_2012-1,
	title = {Analyzing qualitative spatio-temporal calculi using algebraic geometry},
	volume = {12},
	url = {http://www.tandfonline.com/doi/abs/10.1080/13875868.2011.586079},
	pages = {23--52},
	number = {1},
	journaltitle = {Spatial Cognition \& Computation},
	author = {Wolter, Diedrich},
	urldate = {2015-04-12},
	date = {2012},
}

@inproceedings{toro_model_2010,
	title = {A model for interactive scores with temporal constraints and conditional branching},
	pages = {31--38},
	booktitle = {Proceedings of the 16es Journées d'Informatique Musicale},
	author = {Toro, Mauricio and Desainte-Catherine, Myriam and Baltazar, Pascal},
	date = {2010},
}

@article{papetti_icst_2012,
	title = {{THE} {ICST} {DSP} {LIBRARY}: A {VERSATILE} {AND} {EFFICIENT} {TOOLSET} {FOR} {AUDIO} {PROCESSING} {AND} {ANALYSIS} {APPLICATIONS}},
	author = {Papetti, Stefano},
	date = {2012},
}

@article{gupta_human_2012,
	title = {Human Computer Interaction?A Modern Overview},
	volume = {3},
	pages = {1736--1740},
	number = {5},
	journaltitle = {International Journal of Computer Technology and Applications},
	author = {Gupta, Rachit},
	date = {2012},
}

@thesis{rozier_hear&there:_2000,
	title = {Hear\&There: An augmented reality system of linked audio},
	institution = {Massachusetts Institute of Technology},
	type = {phdthesis},
	author = {Rozier, Joseph Michael},
	date = {2000},
}


@inproceedings{spranger_recruitment_2011,
	title = {Recruitment, selection and alignment of spatial language strategies},
	url = {https://mitp-web2.mit.edu/sites/default/files/titles/alife/0262297140chap116.pdf},
	booktitle = {Advances in Artificial Life, {ECAL} 2011: Proceedings of the Eleventh European Conference on the Synthesis and Simulation of Living Systems},
	author = {Spranger, Michael},
	urldate = {2015-11-03},
	date = {2011}
}

@article{karabassi_fast_1999,
	title = {A fast depth-buffer-based voxelization algorithm},
	volume = {4},
	pages = {5--10},
	number = {4},
	journaltitle = {Journal of Graphics Tools},
	author = {Karabassi, Evaggelia-Aggeliki and Papaioannou, Georgios and Theoharis, Theoharis},
	date = {1999},
}

@article{kulfan_universal_2008,
	title = {Universal Parametric Geometry Representation Method},
	volume = {45},
	issn = {0021-8669, 1533-3868},
	url = {http://arc.aiaa.org/doi/abs/10.2514/1.29958},
	doi = {10.2514/1.29958},
	pages = {142--158},
	number = {1},
	journaltitle = {Journal of Aircraft},
	author = {Kulfan, B. M.},
	urldate = {2015-07-21},
	date = {2008-01},
	langid = {english},
}

@inproceedings{ackermann_direct_1994,
	title = {Direct manipulation of temporal structures in a multimedia application framework},
	url = {http://dl.acm.org/citation.cfm?id=192621},
	pages = {51--58},
	booktitle = {Proceedings of the second {ACM} international conference on Multimedia},
	publisher = {{ACM}},
	author = {Ackermann, Philipp},
	urldate = {2015-10-12},
	date = {1994},
}

@inproceedings{van_nort_lom_2006,
	title = {The {LoM} Mapping Toolbox for Max/{MSP}/Jitter},
	pages = {397--400},
	booktitle = {Proceedings of the 2006 International Computer Music Conference ({ICMC})},
	author = {Van Nort, Doug and Wanderley, Marcelo},
	date = {2006},
}

@article{kvifte_description_2008,
	title = {On the description of mapping structures},
	volume = {37},
	url = {http://www.tandfonline.com/doi/abs/10.1080/09298210902731394},
	pages = {353--362},
	number = {4},
	journaltitle = {Journal of New Music Research},
	author = {Kvifte, Tellef},
	urldate = {2015-04-12},
	date = {2008},
}

@inproceedings{sellis_spatio-temporal_1996,
	title = {Spatio-Temporal Indexing for Large Multimedia Applications},
	pages = {441},
	booktitle = {Proceedings of the International Conference on Multimedia Computing and Systems},
	publisher = {{IEEE}},
	author = {Sellis, Yannis Theodoridis Michael Vazirgiannis Timos},
	date = {1996},
}

@inproceedings{jankowski_advances_2015,
	title = {Advances in Interaction with 3D Environments},
	volume = {34},
	url = {http://onlinelibrary.wiley.com/doi/10.1111/cgf.12466/full},
	pages = {152--190},
	booktitle = {Computer Graphics Forum},
	publisher = {Wiley Online Library},
	author = {Jankowski, Jacek and Hachet, Martin},
	urldate = {2015-06-24},
	date = {2015},
	note = {00001},
}

@unpublished{cohn_tony_ar&temporal_????,
	title = {{AR}\&A in Temporal \& Spatial Reasoning},
	author = {Cohn, Tony},
}

@article{arias_symbolic_2015,
	title = {A Symbolic Model for Timed Concurrent Constraint Programming},
	volume = {312},
	issn = {15710661},
	url = {http://linkinghub.elsevier.com/retrieve/pii/S1571066115000146},
	doi = {10.1016/j.entcs.2015.04.010},
	pages = {161--177},
	journaltitle = {Electronic Notes in Theoretical Computer Science},
	author = {Arias, Jaime and Guzmán, Michell and Olarte, Carlos},
	urldate = {2015-11-02},
	date = {2015-04},
	langid = {english},
}

@article{mengucci_image_????,
	title = {Image Sonification Application to Art and Performance},
	author = {Mengucci, Michele and Medeiros, Francisco and Amaral, Miguel},
}

@misc{desainte-catherine_dates_????,
	title = {Dates et durées pour la performance et la composition musicale},
	author = {Desainte-Catherine, Myriam},
}

@inproceedings{sasamoto_controlling_2013,
	title = {Controlling spatial sound with table-top interface},
	pages = {713--718},
	booktitle = {Awareness Science and Technology and Ubi-Media Computing ({iCAST}-{UMEDIA}), 2013 International Joint Conference on},
	publisher = {{IEEE}},
	author = {Sasamoto, Yuya and Cohen, Michael and Villegas, Julian},
	date = {2013},
}

@article{couturier_model_2006,
	title = {A model for graphical interaction applied to gestural control of sound},
	volume = {6},
	url = {http://smc-conference.org/smc06/papers/2-Couturier-SMC_Couturier_Final.pdf},
	journaltitle = {Proc. {SMC}},
	author = {Couturier, Jean-Michel},
	urldate = {2015-04-12},
	date = {2006},
}

@incollection{seibt_free_2003,
	title = {Free process theory: Towards a typology of occurrings},
	pages = {23--55},
	booktitle = {Process Theories},
	publisher = {Springer},
	author = {Seibt, Johanna},
	date = {2003},
}

@online{hurst_wolfgang_gesture-based_2012,
	title = {Gesture-based interaction via finger tracking for mobile augmented reality - Springer},
	url = {http://link.springer.com/article/10.1007/s11042-011-0983-y/fulltext.html},
	author = {Hürst, Wolfgang and {van Wezel, Casper}},
	urldate = {2015-04-12},
	date = {2012-01-18},
}

@book{miranda_new_2006,
	title = {New digital musical instruments: control and interaction beyond the keyboard},
	volume = {21},
	publisher = {{AR} Editions, Inc.},
	author = {Miranda, Eduardo Reck and Wanderley, Marcelo M},
	date = {2006}
}

@inproceedings{delerue_authoring_2002,
	title = {Authoring of virtual sound scenes in the context of the Listen project},
	booktitle = {Audio Engineering Society Conference: 22nd International Conference: Virtual, Synthetic, and Entertainment Audio},
	publisher = {Audio Engineering Society},
	author = {Delerue, Olivier and Warusfel, Olivier},
	date = {2002}
}

@inproceedings{melchior_spatial_2009,
	title = {Spatial audio authoring for Ambisonics reproduction},
	url = {http://mobil.visual-soundscape.de/wp-content/uploads/AmbiSym09-MelchiorGraefePartzsch-SpatialAmbiAuthoring.pdf},
	booktitle = {Proceedings of the Ambisonics Symposium},
	author = {Melchior, Frank and Gräfe, Andreas and Partzsch, Andreas},
	urldate = {2015-04-12},
	date = {2009},
}

@book{fitzmaurice_navigation_2012,
	title = {Navigation system for a 3d virtual scene},
	publisher = {Google Patents},
	author = {Fitzmaurice, George and Matejka, Justin and Mordatch, Igor and Schmidt, Ryan},
	date = {2012-11},
	note = {{US} Patent 8,314,789}
}

@article{nitsche_mapping_2007,
	title = {Mapping time in video games},
	url = {http://www.academia.edu/download/30941363/Nitsche_DiGRA_07.pdf},
	pages = {145--151},
	journaltitle = {Proceedings of {DiGRA}2007: Situated Play},
	author = {Nitsche, Michael},
	urldate = {2015-04-12},
	date = {2007},
}

@article{place_flexible_2010,
	title = {A flexible and dynamic C++ framework and library for digital audio signal processing},
	author = {Place, Timothy and Lossius, Trond and Peters, Nils},
	date = {2010},
}

@article{wanderley_evaluation_2002,
	title = {Evaluation of input devices for musical expression: Borrowing tools from hci},
	volume = {26},
	url = {http://www.mitpressjournals.org/doi/pdf/10.1162/014892602320582981},
	shorttitle = {Evaluation of input devices for musical expression},
	pages = {62--76},
	number = {3},
	journaltitle = {Computer Music Journal},
	author = {Wanderley, Marcelo Mortensen and Orio, Nicola},
	urldate = {2015-04-12},
	date = {2002},
}

@article{elmqvist_fluid_2011,
	title = {Fluid interaction for information visualization},
	volume = {10},
	issn = {1473-8716, 1473-8724},
	url = {http://ivi.sagepub.com/lookup/doi/10.1177/1473871611413180},
	doi = {10.1177/1473871611413180},
	pages = {327--340},
	number = {4},
	journaltitle = {Information Visualization},
	author = {Elmqvist, N. and Moere, A. V. and Jetter, H.-C. and Cernea, D. and Reiterer, H. and Jankun-Kelly, T.},
	urldate = {2015-04-12},
	date = {2011-10-01},
	langid = {english},
}

@article{girlea_probabilistic_2012,
	title = {Probabilistic Region Connection Calculus},
	url = {http://www2.lirmm.fr/ecai2012/images/stories/ecai_doc/pdf/workshop/W1_STeDy-12-ECAI-Proceedings.pdf#page=78},
	pages = {62},
	journaltitle = {Spatio-Temporal Dynamics},
	author = {Girlea, Codruta and Amir, Eyal},
	urldate = {2015-07-23},
	date = {2012},
}

@inproceedings{duke_abstract_1993,
	title = {Abstract interaction objects},
	volume = {12},
	url = {http://onlinelibrary.wiley.com/doi/10.1111/1467-8659.1230025/abstract},
	pages = {25--36},
	booktitle = {Computer Graphics Forum},
	publisher = {Wiley Online Library},
	author = {Duke, David J. and Harrison, Michael D.},
	urldate = {2015-04-12},
	date = {1993},
}

@article{lew_age_2007,
	title = {The age of human computer interaction},
	volume = {25},
	pages = {1833--1835},
	number = {12},
	journaltitle = {Image and Vision Computing},
	author = {Lew, M. and Sebe, Nicu and Huang, Thomas S.},
	date = {2007},
}

@inproceedings{allombert_system_2008,
	title = {A system of interactive scores based on qualitative and quantitative temporal constraints},
	pages = {1--8},
	booktitle = {4th International Conference on Digital Arts},
	author = {Allombert, Antoine and Desainte-Catherine, Myriam and Assayag, Gérard},
	date = {2008},
}

@article{grimm_toolbox_????,
	title = {Toolbox for acoustic scene creation and rendering ({TASCAR}): Render methods and research applications},
	author = {{GRIMM}, Giso and {LUBERADZKA}, Joanna and {HERZKE}, Tobias and {HOHMANN}, Volker},
}

@article{adler_emerging_1995,
	title = {Emerging standards for component software},
	volume = {28},
	issn = {0018-9162},
	doi = {10.1109/2.366164},
	pages = {68--77},
	number = {3},
	journaltitle = {Computer},
	author = {Adler, R.M.},
	date = {1995-03},
	keywords = {application-level behaviours, Application software, client/server architecture, client-server systems, component software, compound documents, Computer aided software engineering, Computer languages, development tools, distributed computing, human-computer interactive work models, independent programs, interoperability, {NextStep}, object-based models, object oriented {CASE} tools, Object oriented databases, Object oriented modeling, object-oriented programming, object-oriented technology, open systems, Operating systems, reusability, Smalltalk, software reusability, software standards, Software tools, standards, Standards development, system-level services},
}

@thesis{cheng_design_2014,
	title = {Design of a real-time {GPU} accelerated acoustic simulation engine for interactive applications},
	institution = {University of Illinois at Urbana-Champaign},
	type = {phdthesis},
	author = {Cheng, Zuofu},
	date = {2014},
	note = {00000}
}

@incollection{lodi_spatial_2014,
	title = {Spatial Narratives in Art},
	pages = {277--294},
	booktitle = {Augmented Reality Art},
	publisher = {Springer},
	author = {Lodi, Simona},
	date = {2014},
}

@book{price_sage_2013,
	title = {The Sage handbook of digital technology research},
	publisher = {Sage},
	author = {Price, Sara and Jewitt, Carey and Brown, Barry},
	date = {2013}
}

@thesis{hachet_3d_2010,
	title = {3D User Interfaces, from Mobile Devices to Immersive Virtual Environments},
	institution = {Université Sciences et Technologies-Bordeaux I},
	type = {phdthesis},
	author = {Hachet, Martin},
	date = {2010},
}

@article{lopes_ontology_2001,
	title = {The ontology of interactive art},
	pages = {65--81},
	journaltitle = {Journal of Aesthetic Education},
	author = {Lopes, Dominic M {McIver}},
	date = {2001}
}

@article{diaz-toca_using_2013,
	title = {Using implicit equations of parametric curves and surfaces without computing them: Polynomial algebra by values},
	volume = {30},
	pages = {116--139},
	number = {1},
	journaltitle = {Computer Aided Geometric Design},
	author = {Diaz-Toca, Gema M and Fioravanti, Mario and Gonzalez-Vega, Laureano and Shakoori, Azar},
	date = {2013},
}

@article{adams_achieving_2001,
	title = {Achieving Usability Through Software Architecture},
	url = {http://citeseerx.ist.psu.edu/viewdoc/download?doi=10.1.1.138.5822&rep=rep1&type=pdf},
	author = {Adams, Rob J. and Bass, Len and John, Bonnie E.},
	urldate = {2015-04-12},
	date = {2001-03},
}

@inproceedings{gunther_building_2013,
	title = {Building semantic object maps from sparse and noisy 3d data},
	url = {http://ieeexplore.ieee.org/xpls/abs_all.jsp?arnumber=6696668},
	pages = {2228--2233},
	booktitle = {Intelligent Robots and Systems ({IROS}), 2013 {IEEE}/{RSJ} International Conference on},
	publisher = {{IEEE}},
	author = {Gunther, M. and Wiemann, Thomas and Albrecht, Stephan and Hertzberg, Joachim},
	urldate = {2015-11-02},
	date = {2013},
}

@inproceedings{allombert_system_2007,
	title = {A system of interactive scores based on Petri nets},
	pages = {158--165},
	booktitle = {4th Sound and Music Computing Conference ({SMC}07)},
	author = {Allombert, Antoine and Assayag, Gérard and Desainte-Catherine, Myriam},
	urldate = {2015-11-02},
	date = {2007},
}

@inproceedings{lemordant_augmented_2010,
	title = {Augmented Reality Audio Editing},
	url = {http://www.aes.org/e-lib/online/browse.cfm?elib=15439},
	booktitle = {Audio Engineering Society Convention 128},
	publisher = {Audio Engineering Society},
	author = {Lemordant, Jacques and Lasorsa, Yohan},
	urldate = {2015-04-12},
	date = {2010},
}

@inproceedings{muller_boomroom:_2014,
	title = {The {boomRoom}: mid-air direct interaction with virtual sound sources},
	isbn = {9781450324731},
	url = {http://dl.acm.org/citation.cfm?doid=2556288.2557000},
	doi = {10.1145/2556288.2557000},
	shorttitle = {The {boomRoom}},
	pages = {247--256},
	publisher = {{ACM} Press},
	author = {Müller, Jörg and Geier, Matthias and Dicke, Christina and Spors, Sascha},
	urldate = {2015-07-21},
	date = {2014},
	langid = {english},
}

@inproceedings{zhang_timed_2014,
	title = {Timed Automata Semantics of Spatial-Temporal Consistency Language {STeC}},
	isbn = {978-1-4799-5029-4},
	url = {http://ieeexplore.ieee.org/lpdocs/epic03/wrapper.htm?arnumber=6976589},
	doi = {10.1109/TASE.2014.10},
	pages = {201--208},
	publisher = {{IEEE}},
	author = {Zhang, Yuanrui and Mallet, Frederic and Chen, Yixiang},
	urldate = {2015-04-12},
	date = {2014-09},
}

@inproceedings{elliott_push-pull_2009,
	title = {Push-pull functional reactive programming},
	url = {http://dl.acm.org/citation.cfm?id=1596643},
	pages = {25--36},
	booktitle = {Proceedings of the 2nd {ACM} {SIGPLAN} symposium on Haskell},
	publisher = {{ACM}},
	author = {Elliott, Conal M.},
	urldate = {2015-07-22},
	date = {2009},
}

@collection{hazarika_qualitative_2012,
	title = {Qualitative Spatio-Temporal Representation and Reasoning: Trends and Future Directions},
	isbn = {978-1-61692-868-1 978-1-61692-870-4},
	url = {http://services.igi-global.com/resolvedoi/resolve.aspx?doi=10.4018/978-1-61692-868-1},
	shorttitle = {Qualitative Spatio-Temporal Representation and Reasoning},
	publisher = {{IGI} Global},
	editor = {Hazarika, Shyamanta M.},
	urldate = {2015-04-12},
	date = {2012},
}

@inproceedings{freeman_effective_2014,
	title = {Effective multimodal feedback for around-device interfaces},
	isbn = {9781450330046},
	url = {http://dl.acm.org/citation.cfm?doid=2628363.2634264},
	doi = {10.1145/2628363.2634264},
	pages = {399--400},
	publisher = {{ACM} Press},
	author = {Freeman, Euan},
	urldate = {2015-04-12},
	date = {2014},
	langid = {english},
}

@book{noble_programming_2009,
	location = {Beijing ; Sebastopol, {CA}},
	edition = {1st ed},
	title = {Programming interactivity: a designer's guide to processing, Arduino, and {openFrameworks}},
	isbn = {978-0-596-15414-1},
	shorttitle = {Programming interactivity},
	pagetotal = {712},
	publisher = {O'Reilly},
	author = {Noble, Joshua J.},
	date = {2009},
	keywords = {Authoring programs, Autorensystem, Computer graphics, Computergraphik, Graphic arts, Interactive multimedia},
}

@report{meyssonier_analyse_????,
	title = {Analyse des relations entre création artistique, modélisation mathématique et implémentation logicielle dans la problématique de l'écriture de structures temporelles},
	author = {Meyssonier, Thomas},
}

@inproceedings{allombert_iscore:_2008,
	title = {Iscore: a system for writing interaction},
	url = {http://dl.acm.org/citation.cfm?id=1413699},
	shorttitle = {Iscore},
	pages = {360--367},
	booktitle = {Proceedings of the 3rd international conference on Digital Interactive Media in Entertainment and Arts},
	publisher = {{ACM}},
	author = {Allombert, Antoine and Desainte-Catherine, Myriam and Assayag, Gérard},
	urldate = {2015-11-02},
	date = {2008},
}

@article{lee_virtual_2014,
	title = {Virtual Assembly System for Robot Actor in Performing Art.},
	volume = {8},
	url = {http://www.sersc.org/journals/IJSEIA/vol8_no6_2014/26.pdf},
	number = {6},
	journaltitle = {International Journal of Software Engineering \& Its Applications},
	author = {Lee, Dongwook and Kim, Jinsul and Kim, Ilmin and Hahn, Minsoo},
	urldate = {2015-04-12},
	date = {2014},
}

@article{heimgartner_reflections_2013,
	title = {Reflections on a model of culturally influenced human?computer interaction to cover cultural contexts in {HCI} design},
	volume = {29},
	pages = {205--219},
	number = {4},
	journaltitle = {International Journal of Human-Computer Interaction},
	author = {Heimgärtner, Rüdiger},
	date = {2013}
}

@inproceedings{janin_multi-scale_2013,
	title = {Multi-scale design of interactive music systems: the {libTuiles} experiment},
	url = {https://hal.archives-ouvertes.fr/hal-00813313/},
	shorttitle = {Multi-scale design of interactive music systems},
	pages = {123--129},
	booktitle = {{SMC} 2013},
	author = {Janin, David and Berthaut, Florent and Desainte-Catherine, Myriam},
	urldate = {2015-04-12},
	date = {2013},
}

@inproceedings{banerjee_spatio-temporal_2013,
	title = {Spatio-temporal hybrid automata for safe cyber-physical systems: A medical case study},
	url = {http://ieeexplore.ieee.org/xpls/abs_all.jsp?arnumber=6604001},
	shorttitle = {Spatio-temporal hybrid automata for safe cyber-physical systems},
	pages = {71--80},
	booktitle = {Cyber-Physical Systems ({ICCPS}), 2013 {ACM}/{IEEE} International Conference on},
	publisher = {{IEEE}},
	author = {Banerjee, Ayan and Gupta, Sandeep {KS}},
	urldate = {2015-04-12},
	date = {2013},
}

@inproceedings{zuo_stripe_2013,
	title = {Stripe action: A novel technique for performing icons in multi-touch interfaces},
	pages = {1271--1274},
	booktitle = {Mechatronic Sciences, Electric Engineering and Computer ({MEC}), Proceedings 2013 International Conference on},
	publisher = {{IEEE}},
	author = {Zuo, Yamin and Yin, Jibin and Liu, Hua},
	date = {2013}
}

@incollection{matlage_every_2011,
	title = {Every animation should have a beginning, a middle, and an end},
	url = {http://link.springer.com/chapter/10.1007/978-3-642-22941-1_10},
	pages = {150--165},
	booktitle = {Trends in Functional Programming},
	publisher = {Springer},
	author = {Matlage, Kevin and Gill, Andy},
	urldate = {2015-11-02},
	date = {2011},
}

@unpublished{cheng_making_????,
	location = {{ECE} {ILLINOIS}},
	title = {Making Games Sound as Good as They Look},
	abstract = {Real-time Geometric Acoustics on the {GPU}},
	author = {Cheng, Zuofu},
	note = {00000},
}

@article{kuchera-morin_immersive_2014,
	title = {Immersive full-surround multi-user system design},
	volume = {40},
	issn = {00978493},
	url = {http://linkinghub.elsevier.com/retrieve/pii/S0097849314000090},
	doi = {10.1016/j.cag.2013.12.004},
	pages = {10--21},
	journaltitle = {Computers \& Graphics},
	author = {Kuchera-Morin, {JoAnn} and Wright, Matthew and Wakefield, Graham and Roberts, Charles and Adderton, Dennis and Sajadi, Behzad and Höllerer, Tobias and Majumder, Aditi},
	urldate = {2015-07-22},
	date = {2014-05},
	langid = {english},
}

@article{pascoe_using_2000,
	title = {Using while moving: {HCI} issues in fieldwork environments},
	volume = {7},
	url = {http://dl.acm.org/citation.cfm?id=355329},
	shorttitle = {Using while moving},
	pages = {417--437},
	number = {3},
	journaltitle = {{ACM} Transactions on Computer-Human Interaction ({TOCHI})},
	author = {Pascoe, Jason and Ryan, Nick and Morse, David},
	urldate = {2015-04-12},
	date = {2000},
}

@thesis{arias_semantique_????,
	title = {Sémantique Formelle et Vérification Automatique de Scénarios Hiérarchiques Multimédia avec des Choix Interactifs},
	type = {phdthesis},
	author = {Arias, Jaime},
}

@incollection{chan_extensible_2012,
	title = {Extensible sound description in {COLLADA}: a unique file for a rich sound design},
	pages = {151--166},
	booktitle = {Advances in Computer Entertainment},
	publisher = {Springer},
	author = {Chan, Shih-Han and Natkin, Stéphane and Tiger, Guillaume and Topol, Alexandre},
	date = {2012}
}

@thesis{wozniewski_framework_2006,
	title = {A framework for interactive three-dimensional sound and spatial audio processing in a virtual environment},
	institution = {Citeseer},
	type = {phdthesis},
	author = {Wozniewski, Michael},
	date = {2006},
}

@thesis{klingbeil_spectral_2009,
	title = {Spectral Analysis, Editing, and Resynthesis: Methods and Applications},
	url = {http://www.klingbeil.com/data/Klingbeil_Dissertation_web.pdf},
	shorttitle = {Spectral Analysis, Editing, and Resynthesis},
	institution = {Columbia University},
	type = {phdthesis},
	author = {Klingbeil, Michael Kateley},
	urldate = {2015-04-12},
	date = {2009},
}

@inproceedings{guan_non-wearable_2009,
	title = {Non-wearable pointing gesture recognition based on single optimal view camera},
	pages = {1--5},
	booktitle = {Computer Science and its Applications, 2009. {CSA}'09. 2nd International Conference on},
	publisher = {{IEEE}},
	author = {Guan, Ye-peng},
	date = {2009}
}

@inproceedings{furse_building_2009,
	title = {Building an openal implementation using ambisonics},
	booktitle = {Audio Engineering Society Conference: 35th International Conference: Audio for Games},
	publisher = {Audio Engineering Society},
	author = {Furse, Richard W},
	date = {2009}
}

@article{yu_multi-modal_2013,
	title = {Multi-Modal Controller Usability for Smart {TV} Control},
	volume = {32},
	issn = {1229-1684},
	url = {http://koreascience.or.kr/journal/view.jsp?kj=OGGHBK&py=2013&vnc=v32n6&sp=517},
	doi = {10.5143/JESK.2013.32.6.517},
	pages = {517--528},
	number = {6},
	journaltitle = {Journal of the Ergonomics Society of Korea},
	author = {Yu, Jeongil and Kim, Seongmin and Choe, Jaeho and Jung, Eui S.},
	urldate = {2015-04-12},
	date = {2013-12-31},
	langid = {english},
}

@misc{knack_rhythm_????,
	title = {Rhythm, Statics, and Vibration Visual Parameters in Christian Eder's Work},
	author = {Knack, Hartwig},
}

@inproceedings{hunt_interacting_2004,
	title = {Interacting with sonification systems: closing the loop},
	url = {http://ieeexplore.ieee.org/xpls/abs_all.jsp?arnumber=1320244},
	shorttitle = {Interacting with sonification systems},
	pages = {879--884},
	booktitle = {Information Visualisation, 2004. {IV} 2004. Proceedings. Eighth International Conference on},
	publisher = {{IEEE}},
	author = {Hunt, Andy and Hermann, Thomas and Pauletto, Sandra},
	urldate = {2015-04-12},
	date = {2004},
}

@online{_event_????,
	title = {Event calculus - Wikipedia, the free encyclopedia},
	url = {http://en.wikipedia.org/wiki/Event_calculus},
	urldate = {2015-04-12},
}

@incollection{cohn_hierarchical_1995,
	title = {A hierarchical representation of qualitative shape based on connection and convexity},
	pages = {311--326},
	booktitle = {Spatial Information Theory A Theoretical Basis for {GIS}},
	publisher = {Springer},
	author = {Cohn, Anthony G},
	date = {1995},
}

@thesis{mefteh_approche_2013,
	title = {Approche ontologique pour la modélisation et le raisonnement sur les trajectoires: prise en compte des aspects thématiques, temporels et spatiaux},
	institution = {La Rochelle},
	type = {phdthesis},
	author = {Mefteh, Wafa},
	date = {2013},
}

@inproceedings{tanaka_mapping_2010,
	title = {Mapping out instruments, affordances, and mobiles},
	url = {http://eprints.gold.ac.uk/6834/},
	publisher = {{NIME}},
	author = {Tanaka, Atau and {others}},
	urldate = {2015-04-12},
	date = {2010},
}

@article{van_de_weghe_qualitative_2006,
	title = {A qualitative trajectory calculus as a basis for representing moving objects in geographical information systems},
	volume = {35},
	url = {http://citeseerx.ist.psu.edu/viewdoc/download?doi=10.1.1.379.3744&rep=rep1&type=pdf},
	pages = {97},
	number = {1},
	journaltitle = {Control and Cybernetics},
	author = {Van de Weghe, Nico and Cohn, Anthony G. and De Tre, Guy and De Maeyer, Philippe},
	urldate = {2015-04-12},
	date = {2006},
}

@inproceedings{marczak_real-time_2011,
	title = {Real-time temporal control of musical processes},
	volume = {11},
	pages = {39},
	booktitle = {Proceedings of the International Conferences on Advances in Multimedia ({MMEDIA})},
	author = {Marczak, Raphaël and Allombert, Antoine and Desainte-Catherine, Myriam},
	date = {2011},
}

@article{hollerweger_introduction_2013,
	title = {An Introduction to Higher Order Ambisonic},
	url = {http://flo.mur.at/writings/HOA-intro.pdf},
	journaltitle = {April 2005},
	author = {Hollerweger, Florian},
	urldate = {2015-07-22},
	date = {2013},
}

@inproceedings{baltazar_i-score_2014,
	title = {i-score, an Interactive Sequencer for the Intermedia Arts},
	url = {http://jamoma.org/publications/attachments/icmcsmc2014-i-score-workshop.pdf},
	author = {Baltazar, Pascal and de la Hogue, Théo and Desainte-Catherine, Myriam},
	booktitle = {Proceedings of the ICMC - SMC 2014 Joint Conference},
	urldate = {2015-11-02},
	date = {2014},
	year = {2014}
}

@online{_plos_????,
	title = {{PLOS} {ONE}: A Systematic Review of Mapping Strategies for the Sonification of Physical Quantities},
	url = {http://journals.plos.org/plosone/article?id=10.1371/journal.pone.0082491#pone-0082491-g005},
	urldate = {2015-04-12},
}
@book{olaiz20093d,
    title={3D Audio with CLAM and Blender?s Game Engine},
    author={Olaiz, Natanael and Arumi, Pau and Mateos, Toni and Garcia, David},
    year={2009},
    publisher={na}
}

@article{sugihara_topology-oriented_2000,
	title = {Topology-Oriented Implementation--An Approach to Robust Geometric Algorithms},
	volume = {27},
	issn = {0178-4617, 1432-0541},
	url = {http://link.springer.com/10.1007/s004530010002},
	doi = {10.1007/s004530010002},
	pages = {5--20},
	number = {1},
	journaltitle = {Algorithmica},
	author = {Sugihara, K. and Iri, M. and Inagaki, H. and Imai, T.},
	urldate = {2015-11-02},
	date = {2000-05-01},
}

@article{quine_what_1948,
	title = {On what there is},
	volume = {2},
	url = {http://www.pdcnet.org/revmetaph/content/revmetaph_1948_0002_0001_0021_0038},
	pages = {21--38},
	number = {1},
	journaltitle = {The Review of Metaphysics},
	author = {Quine, Willard V.},
	urldate = {2015-11-02},
	date = {1948},
}

@article{yuksel_towards_2010,
	title = {Towards digital music performance for mobile devices based on magnetic interaction},
	url = {http://ieeexplore.ieee.org/xpls/abs_all.jsp?arnumber=5623990},
	pages = {1--6},
	journaltitle = {{HIn} Proc. {HAVE} 2010},
	author = {Yuksel, K. A. and Ketabdar, Hamed and Roshandel, Mehran},
	urldate = {2015-04-12},
	date = {2010},
}

@book{seth_combining_2007,
	title = {Combining physical constraints with geometric constraint-based modeling for virtual assembly},
	publisher = {{ProQuest}},
	author = {Seth, Abhishek},
	date = {2007},
}

@article{mateo_navarro_context-aware_2014,
	title = {A Context-Aware Interaction Model for the Analysis of Users? {QoE} in Mobile Environments},
	volume = {30},
	pages = {946--964},
	number = {12},
	journaltitle = {International Journal of Human-Computer Interaction},
	author = {Mateo Navarro, Pedro Luis and Martínez Pérez, Gregorio and Sevilla Ruiz, Diego},
	date = {2014}
}

@article{beal_spacetime_2015,
	title = {Space?time programming},
	volume = {373},
	pages = {20140220},
	number = {2046},
	journaltitle = {Phil. Trans. R. Soc. A},
	author = {Beal, Jacob and Viroli, Mirko},
	date = {2015},
}

@inbook{weller_brief_2013,
	location = {Heidelberg},
	title = {A Brief Overview of Collision Detection},
	isbn = {978-3-319-01019-9 978-3-319-01020-5},
	url = {http://link.springer.com/10.1007/978-3-319-01020-5_2},
	pages = {9--46},
	booktitle = {New Geometric Data Structures for Collision Detection and Haptics},
	publisher = {Springer International Publishing},
	author = {Weller, René},
	bookauthor = {Weller, René},
	urldate = {2015-11-02},
	date = {2013},
}

@article{jupp_qualitative_2004,
	title = {Qualitative representation and reasoning in design: A hierarchy of shape and spatial languages},
	pages = {139--163},
	journaltitle = {Visual and Spatial Reasoning in Design {III}},
	author = {Jupp, J and Gero, {JOHN} S},
	date = {2004},
}

@report{jakubec_management_????,
	title = {Management of Undo/Redo Operations in Complex Environments},
	type = {{MASTER} {THESIS}},
	author = {Jakubec, Karel},
}

@inproceedings{renevier_design_2004,
	title = {A design notation for mobile collaborative mixed systems},
	url = {http://dl.acm.org/citation.cfm?id=1050891},
	pages = {66--73},
	booktitle = {Proceedings of the 1st French-speaking conference on Mobility and ubiquity computing},
	publisher = {{ACM}},
	author = {Renevier, Philippe and Nigay, Laurence},
	urldate = {2015-04-12},
	date = {2004},
}

@article{chaudet_extending_2006,
	title = {Extending the event calculus for tracking epidemic spread},
	volume = {38},
	issn = {09333657},
	url = {http://linkinghub.elsevier.com/retrieve/pii/S0933365705000783},
	doi = {10.1016/j.artmed.2005.06.001},
	pages = {137--156},
	number = {2},
	journaltitle = {Artificial Intelligence in Medicine},
	author = {Chaudet, Hervé},
	urldate = {2015-04-12},
	date = {2006-10},
	langid = {english},
}

@misc{valeze_integration_????,
	title = {Intégration d'un système de contraintes temporelles dans le lociciel de composition musicale {OpenMusic}},
	author = {Valèze, Bruno},
}

@incollection{michael_comparative_2010,
	title = {Comparative study of interactive systems in a museum},
	url = {http://link.springer.com/chapter/10.1007/978-3-642-16873-4_19},
	pages = {250--261},
	booktitle = {Digital Heritage},
	publisher = {Springer},
	author = {Michael, Despina and Pelekanos, Nectarios and Chrysanthou, Isabelle and Zaharias, Panagiotis and Hadjigavriel, Loukia L. and Chrysanthou, Yiorgos},
	urldate = {2015-04-12},
	date = {2010},
}

@inproceedings{melchior_authoring_2005,
	title = {Authoring and user interaction for the production of wave field synthesis content in an augmented reality system},
	isbn = {978-0-7695-2459-7},
	url = {http://ieeexplore.ieee.org/lpdocs/epic03/wrapper.htm?arnumber=1544662},
	doi = {10.1109/ISMAR.2005.20},
	pages = {48--51},
	publisher = {{IEEE}},
	author = {Melchior, F. and Laubach, T. and de Vries, D.},
	urldate = {2015-11-02},
	date = {2005},
}

@article{fober_caracterisation_????,
	title = {Caractérisation et représentation des processus musicaux.},
	url = {https://hal.archives-ouvertes.fr/hal-00861440/},
	author = {Fober, Dominique},
	urldate = {2015-04-12},
}

@article{dorr_qualitative_2014,
	title = {Qualitative shape representation based on the qualitative relative direction and distance calculus {eOPRAm}},
	url = {http://arxiv.org/abs/1412.6649},
	journaltitle = {{arXiv} preprint {arXiv}:1412.6649},
	author = {Dorr, Christopher H. and Moratz, Reinhard},
	urldate = {2015-07-21},
	date = {2014},
}

@book{hardman_modelling_1998,
	location = {S.l.},
	title = {Modelling and authoring hypermedia documents},
	isbn = {978-90-74795-93-7},
	pagetotal = {247},
	publisher = {s.n.},
	author = {Hardman, Hazel Lynda},
	date = {1998},
}

@inproceedings{jansen_tangible_2012,
	title = {Tangible remote controllers for wall-size displays},
	url = {http://dl.acm.org/citation.cfm?id=2208691},
	pages = {2865--2874},
	booktitle = {Proceedings of the {SIGCHI} Conference on Human Factors in Computing Systems},
	publisher = {{ACM}},
	author = {Jansen, Yvonne and Dragicevic, Pierre and Fekete, Jean-Daniel},
	urldate = {2015-04-12},
	date = {2012},
}

@incollection{mobius_openflipper:_2012,
	title = {Openflipper: An open source geometry processing and rendering framework},
	url = {http://link.springer.com/chapter/10.1007/978-3-642-27413-8_31},
	shorttitle = {Openflipper},
	pages = {488--500},
	booktitle = {Curves and Surfaces},
	publisher = {Springer},
	author = {Möbius, Jan and Kobbelt, Leif},
	urldate = {2015-07-22},
	date = {2012},
}

@article{bresson_spatial_2012,
	title = {Spatial Structures Programming for Music},
	url = {http://articles.ircam.fr/textes/Giavitto12c/index.pdf#page=17},
	pages = {7},
	journaltitle = {2012) colocated with {AAMAS} (W21)},
	author = {Bresson, Jean},
	urldate = {2015-07-21},
	date = {2012},
}

@article{hunt_multiple_2004,
	title = {Multiple media interfaces for music therapy},
	url = {http://pascal.computer.org/csdl/mags/mu/2004/03/u3050.html},
	pages = {50--58},
	number = {3},
	journaltitle = {{IEEE} {MultiMedia}},
	author = {Hunt, Andy and Kirk, Ross and Neighbour, Matt},
	urldate = {2015-04-12},
	date = {2004},
}

@article{lunn_multi-listener_????,
	title = {Multi-listener sonification: A team approach to Interactive Auditory Display},
	url = {http://interactive-sonification.org/ISon2013/proceedings/papers/LunnHunt-ISon2013.pdf},
	shorttitle = {Multi-listener sonification},
	author = {Lunn, Paul and Hunt, Andy},
	urldate = {2015-04-12},
}

@article{taylor_guided_2012,
	title = {Guided multiview ray tracing for fast auralization},
	volume = {18},
	pages = {1797--1810},
	number = {11},
	journaltitle = {Visualization and Computer Graphics, {IEEE} Transactions on},
	author = {Taylor, Micah and Chandak, Anish and Mo, Qi and Lauterbach, Christian and Schissler, Carl and Manocha, Dinesh},
	date = {2012},
}

@article{seth_virtual_2011,
	title = {Virtual reality for assembly methods prototyping: a review},
	volume = {15},
	issn = {1359-4338, 1434-9957},
	url = {http://link.springer.com/10.1007/s10055-009-0153-y},
	doi = {10.1007/s10055-009-0153-y},
	shorttitle = {Virtual reality for assembly methods prototyping},
	pages = {5--20},
	number = {1},
	journaltitle = {Virtual Reality},
	author = {Seth, Abhishek and Vance, Judy M. and Oliver, James H.},
	urldate = {2015-11-02},
	date = {2011-03},
	langid = {english},
}

@inproceedings{poupyrev_tiles:_2001,
	title = {Tiles: A mixed reality authoring interface},
	url = {http://research.microsoft.com:8082/en-us/um/people/desney/publications/Interact2001-Tiles.pdf},
	shorttitle = {Tiles},
	pages = {334--341},
	booktitle = {{INTERACT} 2001 Conference on Human Computer Interaction},
	author = {Poupyrev, Ivan and Tan, Desney and Billinghurst, Mark and Kato, Hirokazu and Regenbrecht, Holger and Tetsutani, Nobuji},
	urldate = {2015-07-21},
	date = {2001},
}

@thesis{veneri_architecture_2009,
	title = {Architecture d'un intergiciel pour la création sonore dans les jeux vidéo},
	institution = {Paris, {CNAM}},
	type = {phdthesis},
	author = {Veneri, Olivier},
	date = {2009},
}

@book{gordon_functional_1994,
	title = {Functional programming and input/output},
	url = {http://books.google.com/books?hl=en&lr=&id=0PsvWuhWxzYC&oi=fnd&pg=PR11&dq=%22of+operational+equivalence:%22+%22operational+and+denotational+semantics+for+H.+The+denotational+semantics+uses%22+%22that+monads+can+express+interaction+with+state+in+a+functional+language.%22+%22work+done+in+collaboration.+This+dissertation+is+not+substantially+the&ots=AuMzYZ00Up&sig=geYCcrtDh40K4Vv2FA1k5SBIoSU},
	number = {8},
	publisher = {Cambridge University Press},
	author = {Gordon, Andrew D.},
	urldate = {2015-11-02},
	date = {1994},
}

@article{clementini_global_1997,
	title = {A global framework for qualitative shape description},
	volume = {1},
	url = {http://link.springer.com/article/10.1023/A:1009790715467},
	pages = {11--27},
	number = {1},
	journaltitle = {{GeoInformatica}},
	author = {Clementini, Eliseo and Di Felice, Paolino},
	urldate = {2015-11-02},
	date = {1997},
}

@article{bhatt_geospatial_2014,
	title = {Geospatial narratives and their spatio-temporal dynamics: Commonsense reasoning for high-level analyses in geographic information systems},
	volume = {3},
	url = {http://www.mdpi.com/2220-9964/3/1/166/htm},
	shorttitle = {Geospatial narratives and their spatio-temporal dynamics},
	pages = {166--205},
	number = {1},
	journaltitle = {{ISPRS} International Journal of Geo-Information},
	author = {Bhatt, Mehul and Wallgrün, Jan Oliver},
	urldate = {2015-11-02},
	date = {2014},
}

@article{prior_papers_2003,
	title = {Papers on time and tense},
	author = {Prior, Arthur N},
	date = {2003}
}

@book{von_noorden_binocular_1990,
	title = {Binocular vision and ocular motility: theory and management of strabismus},
	volume = {6},
	shorttitle = {Binocular vision and ocular motility},
	publisher = {Mosby St. Louis, {MO}},
	author = {Von Noorden, Gunter K. and Campos, Emilio C.},
	date = {1990}
}

@inproceedings{spors_comparison_2009,
	title = {Comparison of wave field synthesis and higher-order ambisonics},
	url = {http://www.deutsche-telekom-laboratories.de/~sporssas/publications/talks/AmbiSym_2009_WFS_HOA.pdf},
	booktitle = {Ambisonics Symposium},
	author = {Spors, Sascha},
	urldate = {2015-11-02},
	date = {2009},
}

@inproceedings{menzer_integrating_2013,
	title = {Integrating Custom 3D Audio Rendering Into Game Sound Engines},
	booktitle = {Audio Engineering Society Conference: 49th International Conference: Audio for Games},
	publisher = {Audio Engineering Society},
	author = {Menzer, Fritz},
	date = {2013}
}

@article{ternier_mobile_2013,
	title = {Mobile augmented reality with audio, supporting fieldwork of Cultural Sciences students in Florence},
	url = {http://dspace.ou.nl/handle/1820/5034},
	author = {Ternier, Stefaan and De Vries, Fred and Börner, Dirk and Specht, Marcus},
	urldate = {2015-04-12},
	date = {2013},
}

@article{cohn_mereotopological_2003,
	title = {Mereotopological connection},
	volume = {32},
	url = {http://link.springer.com/article/10.1023/A:1024895012224},
	pages = {357--390},
	number = {4},
	journaltitle = {Journal of Philosophical Logic},
	author = {Cohn, Anthony G. and Varzi, Achille C.},
	urldate = {2015-11-02},
	date = {2003},
}

@article{beal_spacetime_2015-1,
	title = {Space?time programming},
	volume = {373},
	pages = {20140220},
	number = {2046},
	journaltitle = {Phil. Trans. R. Soc. A},
	author = {Beal, Jacob and Viroli, Mirko},
	date = {2015},
}

@article{berkhout_holographic_1988,
	title = {A holographic approach to acoustic control},
	volume = {36},
	pages = {977--995},
	number = {12},
	journaltitle = {Journal of the audio engineering society},
	author = {Berkhout, Augustinus J},
	date = {1988},
	note = {00468}
}

@article{stearns_design_2011,
	title = {The Design and Preliminary Evaluation of a Finger-Mounted Camera and Feedback System to Enable Reading of Printed Text for the Blind},
	url = {http://www.leestearns.com/publications/Stearns_TheDesignAndPreliminaryEvaluationOfAFingerMountedCameraAndFeedbackSystemToEnableReadingForTheBlind_ACVR2014.pdf},
	author = {Stearns, Lee and Du, Ruofei and Oh, Uran and Wang, Yumeng and Findlater, Leah and Chellappa, Rama and Froehlich, Jon E.},
	urldate = {2015-04-12},
	date = {2011},
}

@inproceedings{malloch_controller_2007,
	title = {From controller to sound: Tools for collaborative development of digital musical instruments},
	url = {https://blog.itu.dk/DDAA-E2013/files/2013/09/malloch-from-controller-to-sound.pdf},
	shorttitle = {From controller to sound},
	pages = {65--72},
	booktitle = {Proceedings of the 2007 International Computer Music Conference, Copenhagen, Denmark},
	author = {Malloch, Joseph and Sinclair, Stephen and Wanderley, Marcelo M.},
	urldate = {2015-04-12},
	date = {2007},
}

@article{karray_human-computer_2008,
	title = {Human-computer interaction: Overview on state of the art},
	author = {Karray, Fakhreddine and Alemzadeh, Milad and Saleh, Jamil Abou and Arab, Mo Nours},
	date = {2008}
}

@article{toro_extension_2012,
	title = {An extension of interactive scores for multimedia scenarios with temporal relations for micro and macro controls},
	volume = {12},
	url = {http://citeseerx.ist.psu.edu/viewdoc/download?doi=10.1.1.301.7883&rep=rep1&type=pdf},
	pages = {11},
	journaltitle = {Proceedings of Sound and Music Computing ({SMC})},
	author = {Toro, Mauricio and Desainte-Catherine, Myriam and Castet, Julien},
	urldate = {2015-11-02},
	date = {2012},
}

@article{baltazar_virage:_2009,
	title = {Virage: Une réflexion pluridisciplinaire autour du temps dans la création numérique},
	url = {http://hal.upmc.fr/hal-00413510},
	shorttitle = {Virage},
	author = {Baltazar, Pascal and Allombert, Antoine and Marczak, Raphaël and Couturier, Jean-Michel and Roy, Magnolya and Sèdes, Anne and Desainte-Catherine, Myriam and {others}},
	urldate = {2015-11-02},
	date = {2009},
}

@incollection{kondoz_object-based_2014,
	title = {Object-Based Spatial Audio: Concept, Advantages, and Challenges},
	isbn = {978-1-4614-8372-4},
	url = {http://dx.doi.org/10.1007/978-1-4614-8373-1_5},
	pages = {79--84},
	booktitle = {3D Future Internet Media},
	publisher = {Springer New York},
	author = {Kim, Chungeun},
	editor = {Kondoz, Ahmet and Dagiuklas, Tasos},
	date = {2014}
}

@inproceedings{fober_augmented_2014,
	title = {Augmented Interactive Scores for Music Creation},
	pages = {85--91},
	booktitle = {Korean Electro-Acoustic Music Society's 2014 Annual Conference},
	author = {Fober, Dominique and Orlarey, Yann and Letz, Stéphane},
	date = {2014},
}

@article{voeffray_emotion-sensitive_2011,
	title = {Emotion-sensitive Human-Computer Interaction ({HCI}): State of the art-Seminar paper},
	url = {https://diuf.unifr.ch/main/diva/sites/diuf.unifr.ch.main.diva/files/T6.pdf},
	shorttitle = {Emotion-sensitive Human-Computer Interaction ({HCI})},
	journaltitle = {Emotion Recognition. p1-4},
	author = {Voeffray, S.},
	urldate = {2015-04-12},
	date = {2011},
}

@unpublished{bloch_raisonnement_????,
	title = {Raisonnement Spatial},
	author = {Bloch, Isabelle},
}

@thesis{azough_modeet_2014,
	title = {Modèle et expériences pour la visite des musées en réalité augmentée sonore.},
	url = {http://www.theses.fr/2014CNAM0926},
	institution = {Paris, {CNAM}},
	type = {phdthesis},
	author = {Azough, Fatima-Zahra},
	urldate = {2015-11-02},
	date = {2014},
}

@book{norman_psychology_1988,
	title = {The psychology of everyday things},
	publisher = {Basic books},
	author = {Norman, Donald A},
	date = {1988}
}

@article{gottfried_systematic_2015,
	title = {The systematic design of visual languages applied to logical reasoning},
	volume = {28},
	issn = {1045926X},
	url = {http://linkinghub.elsevier.com/retrieve/pii/S1045926X15000063},
	doi = {10.1016/j.jvlc.2015.02.001},
	pages = {212--225},
	journaltitle = {Journal of Visual Languages \& Computing},
	author = {Gottfried, Björn},
	urldate = {2015-07-21},
	date = {2015-06},
	langid = {english},
}

@online{_camlorn/libaudioverse_????,
	title = {camlorn/libaudioverse · {GitHub}},
	url = {https://github.com/camlorn/libaudioverse},
	urldate = {2015-04-12},
}

@article{hunt_mapping_2002,
	title = {Mapping performer parameters to synthesis engines},
	volume = {7},
	issn = {1355-7718, 1469-8153},
	url = {http://www.journals.cambridge.org/abstract_S1355771802002030},
	doi = {10.1017/S1355771802002030},
	number = {2},
	journaltitle = {Organised Sound},
	author = {Hunt, Andy and Wanderley, Marcelo M.},
	urldate = {2015-04-12},
	date = {2002-08},
	langid = {english},
}

@article{szucki_voxelization_2012,
	title = {A voxelization based mesh generation algorithm for numerical models used in foundry engineering Micha? Szucki, Józef S. Suchy.},
	volume = {38},
	issn = {1230-2325},
	url = {https://journals.agh.edu.pl/mafe/article/view/389},
	doi = {10.7494/mafe.2012.38.1.43},
	pages = {43},
	number = {1},
	journaltitle = {Metallurgy and Foundry Engineering},
	author = {Szucki, Micha? and Suchy, Józef},
	urldate = {2015-11-02},
	date = {2012},
	langid = {english},
}

@book{meyers_effective_2014,
	location = {Beijing ; Sebastopol, {CA}},
	edition = {First edition},
	title = {Effective modern C++: 42 specific ways to improve your use of C++11 and C++14},
	isbn = {978-1-4919-0399-5},
	shorttitle = {Effective modern C++},
	abstract = {"Coming to grips with C++11 and C++14 is more than a matter of familiarizing yourself with the features they introduce (e.g., auto type declarations, move semantics, lambda expressions, and concurrency support). The challenge is learning to use those features effectively -- so that your software is correct, efficient, maintainable, and portable. That's where this practical book comes in. It describes how to write truly great software using C++11 and C++14 -- i.e. using modern C++ ...Effective Modern C++ follows the proven guideline-based, example-driven format of Scott Meyers' earlier books, but covers entirely new material"--Publisher's website},
	pagetotal = {315},
	publisher = {O'Reilly Media},
	author = {Meyers, Scott},
	date = {2014},
	keywords = {C++ (Computer program language), Langages de programmation, Programmation informatique},
}

@inproceedings{berthaut_drile:_2010,
    title = {Drile: an immersive environment for hierarchical live-looping},
    url = {https://hal.archives-ouvertes.fr/hal-00530071/},
    shorttitle = {Drile},
    pages = {page--192},
    booktitle = {New Interface for Musical Expression},
    author = {Berthaut, Florent and Desainte-Catherine, Myriam and Hachet, Martin},
    urldate = {2015-11-04},
    date = {2010},
}

@inproceedings{riker_iear:_2014,
	title = {{iEAR}: Immersive Environmental Audio for Photorealistic Panoramas},
	url = {https://smartech.gatech.edu/handle/1853/52104},
	shorttitle = {{iEAR}},
	booktitle = {20th International Conference on Auditory Display ({ICAD}2014)},
	author = {Riker, Paul and Acevedo, Daniel},
	urldate = {2015-11-02},
	date = {2014},
}

@inproceedings{scott_physink:_2013,
	title = {Physink: sketching physical behavior},
	isbn = {9781450324069},
	url = {http://dl.acm.org/citation.cfm?doid=2508468.2514930},
	doi = {10.1145/2508468.2514930},
	shorttitle = {Physink},
	pages = {9--10},
	publisher = {{ACM} Press},
	author = {Scott, Jeremy and Davis, Randall},
	urldate = {2015-07-21},
	date = {2013},
	langid = {english},
}

@article{delle_monache_sonic_2011,
	title = {Sonic Interaction Design},
	pages = {130--139},
	number = {46},
	journaltitle = {Disegno Industriale-Industrial Design},
	author = {Delle Monache, Stefano and Polotti, Pietro and Rocchesso, Davide},
	date = {2011},
}

@inproceedings{jacob_design_2014,
	title = {A design space for three-dimensional curve edition},
	isbn = {9781450329354},
	url = {http://dl.acm.org/citation.cfm?doid=2670444.2670454},
	doi = {10.1145/2670444.2670454},
	pages = {105--112},
	publisher = {{ACM} Press},
	author = {Jacob, Thibaut and Bailly, Gilles and Lecolinet, Eric and Foulon, Raphael and Corteel, Etienne},
	urldate = {2015-07-22},
	date = {2014},
	langid = {english},
}

@article{eppstein_skip_2008,
	title = {Skip quadtrees: Dynamic data structures for multidimensional point sets},
	volume = {18},
	pages = {131--160},
	number = {1},
	journaltitle = {International Journal of Computational Geometry \& Applications},
	author = {Eppstein, David and Goodrich, Michael T and Sun, Jonathan Z},
	date = {2008},
}

@inproceedings{wilson_like_2011,
	title = {Some like it hot: thermal feedback for mobile devices},
	url = {http://dl.acm.org/citation.cfm?id=1979316},
	shorttitle = {Some like it hot},
	pages = {2555--2564},
	booktitle = {Proceedings of the {SIGCHI} Conference on Human Factors in Computing Systems},
	publisher = {{ACM}},
	author = {Wilson, Graham and Halvey, Martin and Brewster, Stephen A. and Hughes, Stephen A.},
	urldate = {2015-04-12},
	date = {2011},
}

@inproceedings{veksler_fast_2003,
	title = {Fast variable window for stereo correspondence using integral images},
	volume = {1},
	url = {http://ieeexplore.ieee.org/xpls/abs_all.jsp?arnumber=1211403},
	pages = {I--556},
	booktitle = {Computer Vision and Pattern Recognition, 2003. Proceedings. 2003 {IEEE} Computer Society Conference on},
	publisher = {{IEEE}},
	author = {Veksler, Olga},
	urldate = {2015-04-12},
	date = {2003}
}

@unpublished{bresson_arbres_????,
	title = {Arbres et structures hiérarchiques en informatique musicale},
	author = {Bresson, Jean},
}

@inproceedings{marc-zwecker_implementation_2013,
	title = {Implémentation d'un raisonnement spatial qualitatif sur les relations {RCC}8 au moyen de {OWL} et de {SWRL}},
	url = {https://hal.inria.fr/hal-00914302/},
	pages = {1--16},
	booktitle = {{IC} 2013-Ingénierie des Connaissance},
	author = {Marc-Zwecker, Stella and De Beuvron, François De Bertrand and Zanni-Merk, Cecilia and Le Ber, Florence},
	urldate = {2015-11-02},
	date = {2013},
}

@inproceedings{barate_real-time_2014,
	title = {Real-time Music Composition through P-timed Petri Nets},
	url = {http://www.ludovico.net/download/papers/ICMCSMC2014b.pdf},
	pages = {408--415},
	booktitle = {Joint {ICMC}-{SMC} Conference},
	publisher = {National and Kapodistrian University of Athens},
	author = {Barate, Adriano and Haus, Goffredo and Ludovico, Luca A.},
	urldate = {2015-04-12},
	date = {2014},
}

@online{_us5917916.pdf_????,
	title = {{US}5917916.pdf},
	url = {https://docs.google.com/viewer?url=patentimages.storage.googleapis.com/pdfs/US5917916.pdf},
	urldate = {2015-04-12},
}

@inproceedings{kazi_kitty:_2014,
	title = {Kitty: Sketching dynamic and interactive illustrations},
	url = {http://dl.acm.org/citation.cfm?id=2647375},
	shorttitle = {Kitty},
	pages = {395--405},
	booktitle = {Proceedings of the 27th annual {ACM} symposium on User interface software and technology},
	publisher = {{ACM}},
	author = {Kazi, Rubaiat Habib and Chevalier, Fanny and Grossman, Tovi and Fitzmaurice, George},
	urldate = {2015-07-22},
	date = {2014},
}

@online{_7._????,
	title = {7. Canvas Element ? Qt5 Cadaques Book v2015-03},
	url = {http://qmlbook.github.io/ch07/index.html},
	urldate = {2015-04-12},
}

@thesis{allombert_aspects_????,
	title = {Aspects temporels d?un système de partitions musicales interactives pour la composition et l?exécution},
	type = {phdthesis},
	author = {Allombert, Antoine},
}

@thesis{timothy_neate_interactive_2013,
	title = {Interactive Spatial Auditory Display of Graphical Data},
	institution = {University of York},
	type = {phdthesis},
	author = {{Timothy Neate}},
	date = {2013},
}

@article{naveda_topos_2014,
	title = {"Topos" toolkit for Pure Data: exploring the spatial features of dance gestures for interactive musical applications},
	url = {http://www.researchgate.net/profile/Luiz_Naveda2/publication/266141223_Topos_toolkit_for_Pure_Data_exploring_the_spatial_features_of_dance_gestures_for_interactive_musical_applications/links/5426ca440cf2e4ce940a1916.pdf},
	shorttitle = {"Topos" toolkit for Pure Data},
	author = {Naveda, Luiz and Santana, Ivani},
	urldate = {2015-07-21},
	date = {2014},
}

@article{heinzel_spectrum_2002,
	title = {Spectrum and spectral density estimation by the Discrete Fourier transform ({DFT}), including a comprehensive list of window functions and some new at-top windows},
	author = {Heinzel, Gerhard and Rüdiger, Albrecht and Schilling, Roland},
	date = {2002},
}

@report{celerier_repartition_????,
	title = {Répartition des réseaux de Petri dans le cadre du logiciel i-score},
	author = {Celerier, Jean-Michaël},
}

@article{malvar_fast_2003,
	title = {Fast algorithm for the modulated complex lapped transform},
	volume = {10},
	pages = {8--10},
	number = {1},
	journaltitle = {Signal Processing Letters, {IEEE}},
	author = {Malvar, Henrique S},
	date = {2003},
}

@online{_brevet_????,
	title = {Brevet {EP}0808075B1 - Système de reproduction audio - Google Brevets},
	url = {https://www.google.fr/patents/EP0808075B1?hl=fr},
	urldate = {2015-04-12},
}

@inproceedings{wolter_spatial_2000,
	title = {Spatial representation and reasoning in {RCC}-8 with Boolean region terms},
	url = {http://citeseerx.ist.psu.edu/viewdoc/download?doi=10.1.1.38.8880&rep=rep1&type=pdf},
	pages = {244--248},
	booktitle = {Proceedings of the 14th European Conference on Artificial Intelligence ({ECAI} 2000)},
	publisher = {Citeseer},
	author = {Wolter, Frank and Zakharyaschev, Michael},
	urldate = {2015-11-02},
	date = {2000},
}

@book{wozniewski_spatosc:_2012,
	title = {{SPATOSC}: {PROVIDING} {ABSTRACTION} {FOR} {THE} {AUTHORING} {OF} {INTERACTIVE} {SPATIAL} {SUDIO} {EXPERIENCES}},
	publisher = {Ann Arbor, {MI}: {MPublishing}, University of Michigan Library},
	author = {Wozniewski, Mike and Quessy, Alexandre and Settel, Zack},
	date = {2012},
}

@article{spinellis_software_2014,
	title = {Software Development Tooling: Information, Opinion, Guidelines, and Tools},
	url = {http://www.computer.org/csdl/mags/so/2014/06/mso2014060021.pdf},
	shorttitle = {Software Development Tooling},
	pages = {21--23},
	number = {6},
	journaltitle = {{IEEE} Software},
	author = {Spinellis, Diomidis and Androutsellis-Theotokis, Stephanos},
	urldate = {2015-11-02},
	date = {2014},
}

@misc{dubey_review_????,
	title = {{REVIEW} {OF} {OPTIMISED} {FUSION} {TECHNIQUES} {IN} {HUMAN} {COMPUTER} {INTERACTION}},
	author = {Dubey, Madhuri R. and Chhabria, S. A. and Dharaskar, R. V.},
}

@article{pulkki_virtual_1997,
	title = {Virtual sound source positioning using vector base amplitude panning},
	volume = {45},
	pages = {456--466},
	number = {6},
	journaltitle = {Journal of the Audio Engineering Society},
	author = {Pulkki, Ville},
	date = {1997},
	note = {00800}
}

@inproceedings{desainte-catherine_specification_2004,
	title = {Specification of temporal relations between interactive events},
	pages = {71--77},
	booktitle = {Proceedings of the 1st Sound and Music Computing Conference ({SMC}), Ircam},
	author = {Desainte-Catherine, Myriam and Allombert, Antoine},
	date = {2004},
}

@inproceedings{obrist_opportunities_2014,
	title = {Opportunities for odor: experiences with smell and implications for technology},
	isbn = {9781450324731},
	url = {http://dl.acm.org/citation.cfm?doid=2556288.2557008},
	doi = {10.1145/2556288.2557008},
	shorttitle = {Opportunities for odor},
	pages = {2843--2852},
	publisher = {{ACM} Press},
	author = {Obrist, Marianna and Tuch, Alexandre N. and Hornbaek, Kasper},
	urldate = {2015-04-12},
	date = {2014},
	langid = {english},
}

@incollection{herre_general_2010-1,
	title = {General Formal Ontology ({GFO}): A foundational ontology for conceptual modelling},
	pages = {297--345},
	booktitle = {Theory and Applications of Ontology: Computer Applications},
	publisher = {Springer},
	author = {Herre, Heinrich},
	date = {2010},
}

@article{apt_juggling_????,
	title = {Juggling using Temporal Logic},
	author = {Apt, Krzysztof},
}

@unpublished{weiss_benjamin_hsrm_????,
	title = {{HSRM} {BEAMER} {THEME}},
	author = {Weiss, Benjamin},
}

@inproceedings{stolzenberg_cuera:_2012,
	title = {{CUERA}: A generic data-and undo/redo-consistency framework for realtime interactive collaboration applications},
	url = {http://world-comp.org/p2012/PDP3013.pdf},
	shorttitle = {{CUERA}},
	booktitle = {Proceedings of the 18th International Conference on Parallel and Distributed Processing Techniques and Applications ({PDPTA}'12)},
	author = {Stolzenberg, Daniel and Müller, Erika},
	urldate = {2015-07-22},
	date = {2012},
}

@article{huang_auditory_2012,
	title = {Auditory feedback in haptic collaborative interfaces},
	volume = {70},
	url = {http://www.sciencedirect.com/science/article/pii/S1071581911001583},
	pages = {257--270},
	number = {4},
	journaltitle = {International journal of human-computer studies},
	author = {Huang, Ying Ying and Moll, Jonas and Sallnäs, Eva-Lotta and Sundblad, Yngve},
	urldate = {2015-04-12},
	date = {2012},
}

@article{radeau_auditory-visual_1994,
	title = {Auditory-visual spatial interaction and modularity.},
	journaltitle = {Cahiers de Psychologie Cognitive/Current Psychology of Cognition},
	author = {Radeau, Monique},
	date = {1994}
}

@thesis{farnell_designing_2012,
	title = {Designing sound: procedural audio research based on the book by Andy Farnell},
	institution = {Universidade Católica Portuguesa},
	type = {phdthesis},
	author = {Farnell, Andrew James},
	date = {2012},
}

@inproceedings{ng_interactive_2002,
	title = {Interactive gesture music performance interface},
	url = {http://dl.acm.org/citation.cfm?id=1085218},
	pages = {1--2},
	booktitle = {Proceedings of the 2002 conference on New interfaces for musical expression},
	publisher = {National University of Singapore},
	author = {Ng, Kia},
	urldate = {2015-04-12},
	date = {2002},
}

@article{bevan_usability_1994,
	title = {Usability measurement in context},
	volume = {13},
	url = {http://www.tandfonline.com/doi/abs/10.1080/01449299408914592},
	pages = {132--145},
	number = {1},
	journaltitle = {Behaviour \& information technology},
	author = {Bevan, Nigel and Macleod, Miles},
	urldate = {2015-04-12},
	date = {1994},
}

@inproceedings{tang_assistive_2014,
	title = {An assistive {EyeWear} prototype that interactively converts 3D object locations into spatial audio},
	isbn = {9781450329699},
	url = {http://dl.acm.org/citation.cfm?doid=2634317.2634318},
	doi = {10.1145/2634317.2634318},
	pages = {119--126},
	publisher = {{ACM} Press},
	author = {Tang, Titus J. J. and Li, Wai Ho},
	urldate = {2015-04-12},
	date = {2014},
	langid = {english},
}

@online{_sonic_????,
	title = {Sonic Visualiser},
	url = {http://sonicvisualiser.org/},
	urldate = {2015-04-12},
}

@article{wagner_introducing_2014,
	title = {Introducing the Zirkonium {MK}2 System for Spatial Composition},
	url = {http://www.smc-conference.net/smc-icmc-2014/images/proceedings/OS16-B05-IntroducingtheZirkonium.pdf},
	author = {Wagner, David and Brümmer, Ludger and Dipper, Götz and Otto, Jochen Arne},
	urldate = {2015-07-22},
	date = {2014},
}

@collection{franinovic_sonic_2013,
	location = {Cambridge, Massachusetts},
	title = {Sonic interaction design},
	isbn = {9780262018685},
	pagetotal = {376},
	publisher = {The {MIT} Press},
	editor = {Franinovic, Karmen and Serafin, Stefania},
	date = {2013},
	keywords = {Human-computer interaction, Product design, Sonic interaction design, Sound in design},
}

@article{jansen_interaction_2013,
	title = {An interaction model for visualizations beyond the desktop},
	volume = {19},
	url = {http://ieeexplore.ieee.org/xpls/abs_all.jsp?arnumber=6634126},
	pages = {2396--2405},
	number = {12},
	journaltitle = {Visualization and Computer Graphics, {IEEE} Transactions on},
	author = {Jansen, Yvonne and Dragicevic, Pierre},
	urldate = {2015-04-12},
	date = {2013},
}

@unpublished{kufner_geometrical_2008,
	location = {Ferienakademie},
	title = {Geometrical Room Acoustics},
	note = {Roomacoustical Engineering: Experimental and Computational Methods},
	author = {Kufner, Tobias},
	date = {2008},
}

@article{chen_survey_2015,
	title = {A survey of qualitative spatial representations},
	volume = {30},
	url = {http://journals.cambridge.org/abstract_S0269888913000350},
	pages = {106--136},
	number = {1},
	journaltitle = {The Knowledge Engineering Review},
	author = {Chen, Juan and Cohn, Anthony G. and Liu, Dayou and Wang, Shengsheng and Ouyang, Jihong and Yu, Qiangyuan},
	urldate = {2015-07-21},
	date = {2015},
}

@article{fishkin_taxonomy_2004,
	title = {A taxonomy for and analysis of tangible interfaces},
	volume = {8},
	pages = {347--358},
	number = {5},
	journaltitle = {Personal and Ubiquitous Computing},
	author = {Fishkin, Kenneth P},
	date = {2004}
}


@inproceedings{arias_foundations_????,
	title = {Foundations for Reliable and Flexible Interactive Multimedia Scores},
	author = {Arias, Jaime and Desainte-Catherine, Myriam and Olarte, Carlos and Rueda, Camilo},
}

@article{lehtiniemi_novel_2014,
	title = {Novel Music Discovery Concepts: User Experience and Design Implications},
	url = {http://dspace.cc.tut.fi/dpub/handle/123456789/22620},
	shorttitle = {Novel Music Discovery Concepts},
	journaltitle = {Tampereen teknillinen yliopisto. Julkaisu-Tampere University of Technology. Publication; 1257},
	author = {Lehtiniemi, Arto},
	urldate = {2015-04-12},
	date = {2014},
}

@inproceedings{tong_design_2014,
	title = {Design guidelines for audio-based game features},
	pages = {443--444},
	booktitle = {Proceedings of the first {ACM} {SIGCHI} annual symposium on Computer-human interaction in play},
	publisher = {{ACM}},
	author = {Tong, Tiffany and Zingaro, Daniel and Engels, Steve},
	date = {2014}
}
@book{laffra2012object,
    title={Object-oriented programming for graphics},
    author={Laffra, Chris and Blake, Edwin H and de Mey, Vicki and Pintado, Xavier},
    year={2012},
    publisher={Springer Science \& Business Media}
}

@inproceedings{arias_modelling_2014,
	title = {Modelling Data Processing for Interactive Scores Using Coloured Petri Nets},
	isbn = {978-1-4799-4281-7},
	url = {http://ieeexplore.ieee.org/lpdocs/epic03/wrapper.htm?arnumber=7016342},
	doi = {10.1109/ACSD.2014.23},
	pages = {186--195},
	publisher = {{IEEE}},
	author = {Arias, Jaime and Desainte-Catherine, Myriam and Rueda, Camilo},
	urldate = {2015-11-02},
	date = {2014-06},
}

@inproceedings{malczewska_sound_2015,
	title = {Sound Field Recording Using Wireless Digital Distributed Microphone Array},
	booktitle = {Audio Engineering Society Convention 139},
	publisher = {Audio Engineering Society},
	author = {Malczewska, Marzena and Ruminski, Andrzej and Szczechowiak, Piotr and Zernicki, Tomasz},
	date = {2015},
}

@article{farina_non-linear_2001,
	title = {Non-linear convolution: A new approach for the auralization of distorting systems},
	author = {Farina, Angelo and Bellini, Alberto and Armelloni, Enrico},
	date = {2001}
}

@article{de_sena_efficient_2015,
	title = {Efficient Synthesis of Room Acoustics via Scattering Delay Networks},
	url = {http://arxiv.org/abs/1502.05751},
	journaltitle = {{arXiv} preprint {arXiv}:1502.05751},
	author = {De Sena, Enzo and Hacihabiboglu, Huseyin and Cvetkovic, Zoran and Smith {III}, Julius O.},
	urldate = {2015-04-12},
	date = {2015},
}

@article{bostock_d$^3$_2011,
	title = {D\${\textasciicircum}3\$ data-driven documents},
	volume = {17},
	url = {http://ieeexplore.ieee.org/xpls/abs_all.jsp?arnumber=6064996},
	pages = {2301--2309},
	number = {12},
	journaltitle = {Visualization and Computer Graphics, {IEEE} Transactions on},
	author = {Bostock, Michael and Ogievetsky, Vadim and Heer, Jeffrey},
	urldate = {2015-11-02},
	date = {2011},
}

@online{_cgal_????,
	title = {{CGAL} 4.6 - Manual: Package Overview},
	url = {http://doc.cgal.org/latest/Manual/packages.html#PkgKernel23Summary},
	urldate = {2015-04-12},
}

@book{lossius_dbapdistance-based_2009,
	title = {{DBAP}: distance-based amplitude panning},
	publisher = {Ann Arbor, {MI}: {MPublishing}, University of Michigan Library},
	author = {Lossius, Trond and Baltazar, Pascal and de La Hogue, Théo},
	date = {2009},
}

@inproceedings{garcia_towards_2015,
	title = {Towards Interactive Authoring Tools for Composing Spatialization},
	url = {http://hal.univ-savoie.fr/hal-01108709/document},
	booktitle = {{IEEE} 10th Symposium on 3D User Interfaces},
	author = {Garcia, Jérémie and Bresson, Jean and Carpentier, Thibaut},
	urldate = {2015-07-21},
	date = {2015},
}

@article{loeliger_wayfinding_2014,
	title = {Wayfinding without Visual Cues: Evaluation of an Interactive Audio Map System},
	volume = {26},
	pages = {403--416},
	number = {5},
	journaltitle = {Interacting with Computers},
	author = {Loeliger, Esther and Stockman, Tony},
	date = {2014}
}

@inproceedings{poirier-quinot_blendercave:_2013,
	title = {Blendercave: A multimodal scene graph editor for virtual reality},
	pages = {223--230},
	booktitle = {International Conference on Auditory Display ({ICAD})},
	author = {Poirier-Quinot, David and Touraine, Damien and Katz, Brian},
	date = {2013},
}

@inproceedings{adhitya_composing_2012,
	title = {Composing graphic scores and sonifying visual music with the {SUM} tool},
	url = {http://www.smcnetwork.org/system/files/smc2012-181.pdf},
	pages = {171--176},
	booktitle = {Proceedings of the 9th Sound and Music Computing Conference ({SMC} 2012). Copenhagen, Denmark},
	author = {Adhitya, Sara and Kuuskankare, Mika},
	urldate = {2015-04-12},
	date = {2012},
}

@incollection{beaudoux_opendpi:_2006,
	title = {{OpenDPI}: A toolkit for developing document-centered environments},
	pages = {231--239},
	booktitle = {Enterprise Information Systems {VII}},
	publisher = {Springer},
	author = {Beaudoux, Olivier and Beaudouin-Lafon, Michel},
	date = {2006}
}
